symbol,end_date,amend,period_focus,fiscal_year,doc_type,revenues,op_income,net_income,eps_basic,eps_diluted,dividend,assets,cur_assets,cur_liab,cash,equity,cash_flow_op,cash_flow_inv,cash_flow_fin,debt,goodwill,cap_ex
AAON,2011-12-31,False,FY,2011,10-K,266220000.0,22169000.0,13986000.0,0.57,0.56,0.24,178981000.0,84387000.0,38687000.0,13000.0,122504000.0,26484000.0,-24538000.0,-4326000.0,,,35914000.0
AAON,2012-03-31,False,Q1,2012,10-Q,64957000.0,7560000.0,4567000.0,0.19,0.18,0.0,184765000.0,89473000.0,41335000.0,3245000.0,126128000.0,11571000.0,-2652000.0,-5687000.0,,,2959000.0
AAON,2011-09-30,False,Q3,2011,10-Q,73829000.0,8814000.0,5626000.0,0.23,0.23,0.12,182254000.0,90799000.0,49148000.0,2278000.0,125274000.0,11275000.0,-20266000.0,8876000.0,,,30638000.0
AAON,2018-12-31,False,FY,2018,10-K,433947000.0,55790000.0,42572000.0,0.81,0.81,0.32,308197000.0,140861000.0,48071000.0,1994000.0,247499000.0,54856000.0,-34635000.0,-39684000.0,0.0,3229000.0,37268000.0
AAON,2012-06-30,False,Q2,2012,10-Q,83333000.0,14194000.0,9297000.0,0.38,0.38,0.12,203554000.0,103192000.0,54843000.0,3082000.0,131989000.0,19576000.0,-17398000.0,891000.0,,,8091000.0
AAON,2012-12-31,False,FY,2012,10-K,303114000.0,44234000.0,27449000.0,1.12,1.11,0.36,193493000.0,91546000.0,39625000.0,3159000.0,138136000.0,51167000.0,-30335000.0,-17686000.0,,,14147000.0
AAON,2013-06-30,False,Q2,2013,10-Q,91241000.0,18646000.0,12119000.0,0.33,0.33,0.1,221214000.0,121411000.0,53615000.0,19415000.0,152520000.0,27740000.0,-9626000.0,-1858000.0,,,1949000.0
AAON,2011-06-30,False,Q2,2011,10-Q,69076000.0,6040000.0,3839000.0,0.16,0.15,0.12,186360000.0,97722000.0,58262000.0,2091000.0,120029000.0,10175000.0,-16526000.0,6049000.0,,,24907000.0
AAON,2012-09-30,False,Q3,2012,10-Q,76816000.0,10406000.0,6007000.0,0.24,0.24,0.0,196254000.0,97294000.0,42920000.0,7017000.0,136991000.0,38413000.0,-20825000.0,-10584000.0,,,12582000.0
AAON,2013-03-31,False,Q1,2013,10-Q,66833000.0,8338000.0,7140000.0,0.29,0.29,0.0,194473000.0,96027000.0,34628000.0,9717000.0,145016000.0,8491000.0,-1281000.0,-652000.0,,,997000.0
AAON,2013-09-30,False,Q3,2013,10-Q,89690000.0,16929000.0,10522000.0,0.29,0.28,0.0,220138000.0,109121000.0,43109000.0,2289000.0,161930000.0,38843000.0,-32672000.0,-7041000.0,,,6407000.0
AAON,2015-03-31,False,Q1,2015,10-Q,76768000.0,13476000.0,8399000.0,0.16,0.15,0.0,236759000.0,136689000.0,38643000.0,33526000.0,182121000.0,4335000.0,8014000.0,-775000.0,0.0,,3587000.0
AAON,2014-03-31,False,Q1,2014,10-Q,76367000.0,14241000.0,9822000.0,0.27,0.26,0.0,228719000.0,138396000.0,41950000.0,19670000.0,172055000.0,9069000.0,801000.0,-2285000.0,,,3616000.0
AAON,2013-12-31,False,FY,2013,10-K,321140000.0,55825000.0,37547000.0,1.02,1.01,0.2,215444000.0,113623000.0,36329000.0,12085000.0,164106000.0,53592000.0,-31326000.0,-13340000.0,,,800000.0
AAON,2014-09-30,False,Q3,2014,10-Q,102917000.0,19520000.0,12440000.0,0.23,0.22,0.0,247509000.0,142059000.0,53524000.0,18819000.0,179043000.0,39144000.0,-12144000.0,-20266000.0,,,13567000.0
AAON,2015-06-30,False,Q2,2015,10-Q,90275000.0,17947000.0,11130000.0,0.21,0.2,0.11,250012000.0,152906000.0,47250000.0,37600000.0,187429000.0,11989000.0,5117000.0,-1458000.0,0.0,,9304000.0
AAON,2014-06-30,False,Q2,2014,10-Q,92310000.0,17292000.0,11363000.0,0.21,0.2,0.09,241652000.0,141901000.0,49540000.0,16484000.0,177692000.0,17505000.0,-9302000.0,-3804000.0,,,5903000.0
AAON,2015-09-30,False,Q3,2015,10-Q,94360000.0,20157000.0,13251000.0,0.24,0.24,0.0,255098000.0,144920000.0,42241000.0,29863000.0,198371000.0,36186000.0,-17731000.0,-10544000.0,0.0,,12775000.0
AAON,2016-03-31,False,Q1,2016,10-Q,85422000.0,16826000.0,10806000.0,0.2,0.2,0.0,236669000.0,130191000.0,38039000.0,17248000.0,188670000.0,15248000.0,-3906000.0,-2002000.0,0.0,,7332000.0
AAON,2016-09-30,False,Q3,2016,10-Q,104568000.0,22692000.0,15682000.0,0.3,0.29,0.0,257277000.0,141364000.0,43338000.0,14562000.0,204776000.0,47007000.0,-21083000.0,-19270000.0,0.0,,23627000.0
AAON,2016-06-30,False,Q2,2016,10-Q,102319000.0,22198000.0,14341000.0,0.27,0.27,0.11,257527000.0,144729000.0,53251000.0,12209000.0,194984000.0,28472000.0,-18881000.0,-5290000.0,0.0,,15825000.0
AAON,2014-12-31,False,FY,2014,10-K,356322000.0,68006000.0,44158000.0,0.81,0.8,0.18,233117000.0,131083000.0,42713000.0,21952000.0,174059000.0,52279000.0,-6029000.0,-36383000.0,,,16127000.0
AAON,2015-12-31,False,FY,2015,10-K,358632000.0,71302000.0,45728000.0,0.85,0.84,0.22,232854000.0,124213000.0,43413000.0,7908000.0,178918000.0,52910000.0,-23194000.0,-43760000.0,0.0,,20967000.0
AAON,2017-09-30,False,Q3,2017,10-Q,113668000.0,22625000.0,14717000.0,0.28,0.28,0.0,303138000.0,164141000.0,60615000.0,23515000.0,230298000.0,41865000.0,-23206000.0,-19297000.0,0.0,,26436000.0
AAON,2016-12-31,False,FY,2016,10-K,383977000.0,79594000.0,53376000.0,1.01,1.0,0.24,256530000.0,140981000.0,39042000.0,24153000.0,205898000.0,63923000.0,-16925000.0,-30753000.0,0.0,,26604000.0
AAON,2017-03-31,False,Q1,2017,10-Q,86078000.0,14457000.0,10217000.0,0.19,0.19,0.0,265283000.0,146210000.0,41122000.0,31623000.0,211795000.0,10166000.0,3269000.0,-5965000.0,0.0,,6071000.0
AAON,2018-03-31,False,Q1,2018,10-Q,99082000.0,5178000.0,4260000.0,0.08,0.08,0.0,306945000.0,154687000.0,57292000.0,8173000.0,239611000.0,10744000.0,-20421000.0,-3607000.0,0.0,3677000.0,8451000.0
AAON,2018-06-30,False,Q2,2018,10-Q,109588000.0,14503000.0,11691000.0,0.22,0.22,0.16,320271000.0,154665000.0,71673000.0,15854000.0,238437000.0,36246000.0,-31801000.0,-10048000.0,0.0,3229000.0,25925000.0
AAON,2017-06-30,False,Q2,2017,10-Q,101326000.0,19659000.0,13794000.0,0.26,0.26,0.13,285011000.0,159716000.0,55250000.0,33552000.0,217747000.0,33760000.0,-15500000.0,-8861000.0,0.0,,16847000.0
AAON,2017-12-31,False,FY,2017,10-K,405232000.0,74103000.0,54498000.0,1.04,1.03,0.26,296780000.0,153727000.0,50065000.0,21457000.0,237226000.0,57994000.0,-31052000.0,-29638000.0,0.0,,41713000.0
AAON,2018-09-30,False,Q3,2018,10-Q,112937000.0,19571000.0,14085000.0,0.27,0.27,0.0,314024000.0,144696000.0,53716000.0,7265000.0,249629000.0,44192000.0,-35128000.0,-23256000.0,0.0,3229000.0,34328000.0
