symbol,end_date,amend,period_focus,fiscal_year,doc_type,revenues,op_income,net_income,eps_basic,eps_diluted,dividend,assets,cur_assets,cur_liab,cash,equity,cash_flow_op,cash_flow_inv,cash_flow_fin,debt,goodwill,cap_ex
AAPL,2018-12-29,False,Q1,2019,10-Q,-63000000.0,23346000000.0,19965000000.0,4.22,4.18,0.73,373719000000.0,140828000000.0,108283000000.0,44771000000.0,117892000000.0,26690000000.0,5844000000.0,-13676000000.0,,,3355000000.0
AAPL,2011-03-26,False,Q2,2011,10-Q,24667000000.0,7874000000.0,5987000000.0,6.49,6.4,0.0,94904000000.0,46997000000.0,24327000000.0,15978000000.0,61477000000.0,15992000000.0,-12251000000.0,976000000.0,,741000000.0,81000000.0
AAPL,2010-12-25,False,Q1,2011,10-Q,26741000000.0,7827000000.0,6004000000.0,6.53,6.43,0.0,86742000000.0,43927000000.0,23795000000.0,10734000000.0,54666000000.0,9773000000.0,-10729000000.0,429000000.0,,741000000.0,49000000.0
AAPL,2011-09-24,False,FY,2011,10-K,108249000000.0,33790000000.0,25922000000.0,28.05,27.68,0.0,116371000000.0,44988000000.0,27970000000.0,9815000000.0,76615000000.0,37529000000.0,-40419000000.0,1444000000.0,,896000000.0,3192000000.0
AAPL,2010-06-26,False,Q3,2010,10-Q,15700000000.0,4234000000.0,3253000000.0,3.57,3.51,0.0,64725000000.0,36033000000.0,15612000000.0,9705000000.0,43111000000.0,12912000000.0,-9471000000.0,1001000000.0,,714000000.0,63000000.0
AAPL,2011-06-25,False,Q3,2011,10-Q,28571000000.0,9379000000.0,7308000000.0,7.89,7.79,0.0,106758000000.0,46898000000.0,26859000000.0,12091000000.0,69343000000.0,27100000000.0,-27283000000.0,1013000000.0,,741000000.0,266000000.0
AAPL,2010-03-27,False,Q2,2010,10-Q,13499000000.0,3979000000.0,3074000000.0,3.39,3.33,0.0,57057000000.0,32336000000.0,12229000000.0,10018000000.0,39348000000.0,8111000000.0,-4041000000.0,685000000.0,,480000000.0,32000000.0
AAPL,2011-12-31,False,Q1,2012,10-Q,46333000000.0,17340000000.0,13064000000.0,14.03,13.87,0.0,138681000000.0,54771000000.0,34607000000.0,10310000000.0,90054000000.0,17554000000.0,-17128000000.0,69000000.0,,896000000.0,108000000.0
AAPL,2009-09-26,True,FY,2009,10-K,42905000000.0,11740000000.0,8235000000.0,9.22,9.08,0.0,47501000000.0,31555000000.0,11506000000.0,5263000000.0,31640000000.0,10159000000.0,-17434000000.0,663000000.0,,206000000.0,69000000.0
AAPL,2010-09-25,False,FY,2010,10-K,65225000000.0,18385000000.0,14013000000.0,15.41,15.15,0.0,75183000000.0,41678000000.0,20722000000.0,11261000000.0,47791000000.0,18595000000.0,-13854000000.0,1257000000.0,,741000000.0,116000000.0
AAPL,2013-06-29,False,Q3,2013,10-Q,35323000000.0,9201000000.0,6900000000.0,7.51,7.47,3.05,199856000000.0,68219000000.0,36319000000.0,11248000000.0,123354000000.0,43758000000.0,-34385000000.0,-8871000000.0,16958000000.0,1522000000.0,560000000.0
AAPL,2013-03-30,False,Q2,2013,10-Q,43603000000.0,12558000000.0,9547000000.0,10.16,10.09,2.65,194743000000.0,63337000000.0,35508000000.0,12053000000.0,135490000000.0,35930000000.0,-27878000000.0,-6745000000.0,,1400000000.0,429000000.0
AAPL,2012-06-30,False,Q3,2012,10-Q,35023000000.0,11573000000.0,8824000000.0,9.42,9.32,0.0,162896000000.0,51943000000.0,33060000000.0,7945000000.0,111746000000.0,41720000000.0,-43914000000.0,324000000.0,,1132000000.0,1067000000.0
AAPL,2012-12-29,False,Q1,2013,10-Q,54512000000.0,17210000000.0,13078000000.0,13.93,13.81,2.65,196088000000.0,72348000000.0,46879000000.0,16154000000.0,127346000000.0,23426000000.0,-13521000000.0,-4497000000.0,,1381000000.0,138000000.0
AAPL,2012-09-29,False,FY,2012,10-K,156508000000.0,55241000000.0,41733000000.0,44.64,44.15,2.65,176064000000.0,57653000000.0,38542000000.0,10746000000.0,118210000000.0,50856000000.0,-48227000000.0,-1698000000.0,,1135000000.0,1107000000.0
AAPL,2012-03-31,False,Q2,2012,10-Q,39186000000.0,15384000000.0,11622000000.0,12.45,12.3,0.0,150934000000.0,50712000000.0,32036000000.0,10121000000.0,102498000000.0,31531000000.0,-31604000000.0,379000000.0,,1141000000.0,160000000.0
AAPL,2009-06-27,False,Q3,2009,10-Q,8337000000.0,1672000000.0,1229000000.0,1.38,1.35,0.0,48140000000.0,35170000000.0,16661000000.0,5605000000.0,25888000000.0,7049000000.0,-13663000000.0,344000000.0,,207000000.0,56000000.0
AAPL,2013-12-28,False,Q1,2014,10-Q,57594000000.0,17463000000.0,13072000000.0,14.59,14.5,3.05,225184000000.0,80347000000.0,53769000000.0,14077000000.0,129684000000.0,22670000000.0,-15103000000.0,-7749000000.0,16961000000.0,2022000000.0,59000000.0
AAPL,2009-12-26,False,Q1,2010,10-Q,15683000000.0,4725000000.0,3378000000.0,3.74,3.67,0.0,53926000000.0,33332000000.0,13097000000.0,7609000000.0,35768000000.0,5781000000.0,-3958000000.0,523000000.0,,253000000.0,5000000.0
AAPL,2009-09-26,False,FY,2009,10-K,36537000000.0,7658000000.0,5704000000.0,6.39,6.29,0.0,53851000000.0,36265000000.0,19282000000.0,5263000000.0,27832000000.0,10159000000.0,-17434000000.0,663000000.0,,206000000.0,69000000.0
AAPL,2013-09-28,False,FY,2013,10-K,170910000000.0,48999000000.0,37037000000.0,40.03,39.75,11.4,207000000000.0,73286000000.0,43658000000.0,14259000000.0,123549000000.0,53666000000.0,-33774000000.0,-16379000000.0,16960000000.0,1577000000.0,911000000.0
AAPL,2014-06-28,False,Q3,2014,10-Q,37432000000.0,10282000000.0,7748000000.0,1.29,1.28,0.47,222520000000.0,67949000000.0,46205000000.0,12977000000.0,120940000000.0,46463000000.0,-25576000000.0,-22169000000.0,29030000000.0,2374000000.0,216000000.0
AAPL,2014-12-27,False,Q1,2015,10-Q,74599000000.0,24246000000.0,18024000000.0,3.08,3.06,0.47,261894000000.0,83403000000.0,73611000000.0,19478000000.0,123328000000.0,33722000000.0,-21165000000.0,-6923000000.0,32504000000.0,4629000000.0,3217000000.0
AAPL,2015-06-27,False,Q3,2015,10-Q,49605000000.0,14083000000.0,10677000000.0,1.86,1.85,0.52,273151000000.0,70953000000.0,65285000000.0,15319000000.0,125677000000.0,67791000000.0,-54899000000.0,-11417000000.0,,5044000000.0,7629000000.0
AAPL,2015-09-26,False,FY,2015,10-K,233715000000.0,71230000000.0,53394000000.0,9.28,9.22,1.98,290479000000.0,89378000000.0,80610000000.0,21120000000.0,119355000000.0,81266000000.0,-56274000000.0,-17716000000.0,,5116000000.0,11247000000.0
AAPL,2014-03-29,False,Q2,2014,10-Q,45646000000.0,13593000000.0,10223000000.0,11.69,11.62,3.05,205989000000.0,70541000000.0,43208000000.0,18949000000.0,120179000000.0,36208000000.0,-3362000000.0,-28156000000.0,16962000000.0,2055000000.0,163000000.0
AAPL,2014-09-27,False,FY,2014,10-K,182795000000.0,52503000000.0,39510000000.0,6.49,6.45,1.82,231839000000.0,68531000000.0,63448000000.0,13844000000.0,111547000000.0,59713000000.0,-22579000000.0,-37549000000.0,28987000000.0,4616000000.0,242000000.0
AAPL,2016-06-25,False,Q3,2016,10-Q,42358000000.0,10105000000.0,7796000000.0,1.43,1.42,0.57,305602000000.0,93761000000.0,71486000000.0,18237000000.0,126541000000.0,49698000000.0,-38580000000.0,-14001000000.0,,5261000000.0,8757000000.0
AAPL,2016-12-31,False,Q1,2017,10-Q,78351000000.0,23359000000.0,17891000000.0,3.38,3.36,0.57,331141000000.0,103332000000.0,84130000000.0,16371000000.0,132390000000.0,27056000000.0,-19122000000.0,-12047000000.0,,5423000000.0,3334000000.0
AAPL,2015-03-28,False,Q2,2015,10-Q,58010000000.0,18278000000.0,13569000000.0,2.34,2.33,0.47,261194000000.0,67891000000.0,58729000000.0,14489000000.0,129006000000.0,52803000000.0,-43496000000.0,-8662000000.0,40072000000.0,4711000000.0,5586000000.0
AAPL,2016-09-24,False,FY,2016,10-K,215639000000.0,60024000000.0,45687000000.0,8.35,8.31,2.18,321686000000.0,106869000000.0,79006000000.0,20484000000.0,128249000000.0,65824000000.0,-45977000000.0,-20483000000.0,,5414000000.0,12734000000.0
AAPL,2016-03-26,False,Q2,2016,10-Q,50557000000.0,13987000000.0,10516000000.0,1.91,1.9,0.52,305277000000.0,87592000000.0,68265000000.0,21514000000.0,130457000000.0,39064000000.0,-34110000000.0,-4560000000.0,,5249000000.0,5948000000.0
AAPL,2017-04-01,False,Q2,2017,10-Q,52896000000.0,14097000000.0,11029000000.0,2.11,2.1,0.57,334532000000.0,101990000000.0,73342000000.0,15157000000.0,134082000000.0,39579000000.0,-33324000000.0,-11582000000.0,,5473000000.0,6309000000.0
AAPL,2015-12-26,False,Q1,2016,10-Q,75872000000.0,24171000000.0,18361000000.0,3.3,3.28,0.52,293284000000.0,76219000000.0,76092000000.0,16689000000.0,128267000000.0,27463000000.0,-20450000000.0,-11444000000.0,,5202000000.0,3612000000.0
AAPL,2017-09-30,False,FY,2017,10-K,229234000000.0,61344000000.0,48351000000.0,9.27,9.21,2.4,375319000000.0,128645000000.0,100814000000.0,20289000000.0,134047000000.0,63598000000.0,-46446000000.0,-17347000000.0,,5717000000.0,12451000000.0
AAPL,2017-12-30,False,Q1,2018,10-Q,88293000000.0,26274000000.0,20065000000.0,3.92,3.89,0.63,406794000000.0,143810000000.0,115788000000.0,27491000000.0,140199000000.0,28293000000.0,-13590000000.0,-7501000000.0,,5889000000.0,2810000000.0
AAPL,2017-07-01,False,Q3,2017,10-Q,45408000000.0,10768000000.0,8717000000.0,1.68,1.67,0.63,345173000000.0,112875000000.0,81302000000.0,18571000000.0,132425000000.0,47942000000.0,-36504000000.0,-13351000000.0,,5661000000.0,8586000000.0
AAPL,2018-09-29,False,FY,2018,10-K,265595000000.0,70898000000.0,59531000000.0,12.01,11.91,2.72,365725000000.0,131339000000.0,116866000000.0,25913000000.0,107147000000.0,77434000000.0,16066000000.0,-87876000000.0,,,13313000000.0
AAPL,2018-03-31,False,Q2,2018,10-Q,61137000000.0,15894000000.0,13822000000.0,2.75,2.73,0.63,367502000000.0,130053000000.0,89320000000.0,45059000000.0,126878000000.0,43423000000.0,15120000000.0,-33773000000.0,,,7005000000.0
AAPL,2018-06-30,False,Q3,2018,10-Q,53265000000.0,12612000000.0,11519000000.0,2.36,2.34,0.73,349197000000.0,115761000000.0,88548000000.0,31971000000.0,114949000000.0,57911000000.0,19067000000.0,-65296000000.0,,,10272000000.0
