symbol,end_date,amend,period_focus,fiscal_year,doc_type,revenues,op_income,net_income,eps_basic,eps_diluted,dividend,assets,cur_assets,cur_liab,cash,equity,cash_flow_op,cash_flow_inv,cash_flow_fin,debt,goodwill,cap_ex
ABIO,2012-03-31,False,Q1,2012,10-Q,,-1406000.0,-1407000.0,-0.12,-0.12,0.0,4958000.0,4702000.0,594000.0,4227000.0,4356000.0,-1656000.0,45054000.0,-60000.0,,,1879000.0
ABIO,2012-06-30,False,Q2,2012,10-Q,,-1145000.0,-1146000.0,-0.09,-0.09,0.0,3816000.0,3590000.0,529000.0,3182000.0,3287000.0,-2633000.0,45053000.0,54105000.0,,,1880000.0
ABIO,2018-12-31,False,FY,2018,10-K,0.0,-8118000.0,-7933000.0,-0.57,-0.57,0.0,6825000.0,6777000.0,793000.0,6608000.0,6032000.0,-8244000.0,3046000.0,3104000.0,,,4000.0
ABIO,2011-06-30,False,Q2,2011,10-Q,,-1704000.0,294000.0,0.03,0.03,0.0,8581000.0,7827000.0,1004000.0,7463000.0,7545000.0,-4047000.0,45048000.0,52846000.0,,,1861000.0
ABIO,2011-09-30,False,Q3,2011,10-Q,,-1821000.0,-1822000.0,-0.17,-0.17,0.0,6498000.0,6088000.0,661000.0,5748000.0,5812000.0,-5723000.0,45049000.0,52806000.0,,,1861000.0
ABIO,2012-09-30,False,Q3,2012,10-Q,,-928000.0,-927000.0,-0.07,-0.07,0.0,3462000.0,3265000.0,286000.0,3081000.0,3176000.0,-3408000.0,45053000.0,54779000.0,,,1880000.0
ABIO,2012-12-31,False,FY,2012,10-K,0.0,-4319000.0,-4320000.0,-1.94,-1.94,0.0,3212000.0,3045000.0,305000.0,2920000.0,2907000.0,-4078000.0,45054000.0,1055000.0,,,1879000.0
ABIO,2013-09-30,False,Q3,2013,10-Q,,-1725000.0,-1723000.0,-0.16,-0.16,0.0,19138000.0,19011000.0,769000.0,18632000.0,18369000.0,-3416000.0,45026000.0,74443000.0,,,1907000.0
ABIO,2013-06-30,False,Q2,2013,10-Q,,-1198000.0,-3225000.0,-0.65,-0.65,0.0,20783000.0,20658000.0,750000.0,20374000.0,20033000.0,-1740000.0,45037000.0,74498000.0,,,1896000.0
ABIO,2013-03-31,False,Q1,2013,10-Q,0.0,-1070000.0,-1071000.0,-0.35,-0.35,0.0,4139000.0,3993000.0,828000.0,3537000.0,3311000.0,-764000.0,-9000.0,1390000.0,,,1888000.0
ABIO,2011-12-31,False,FY,2011,10-K,,-7361000.0,-5364000.0,-0.53,-0.53,0.0,6502000.0,6212000.0,754000.0,5943000.0,5732000.0,-6959000.0,2006000.0,3871000.0,,,1879000.0
ABIO,2013-12-31,False,FY,2013,10-K,,-6940000.0,-8965000.0,-1.04,-1.04,0.0,17084000.0,16925000.0,1502000.0,16756000.0,15581000.0,-5288000.0,-32000.0,19156000.0,,,1911000.0
ABIO,2016-03-31,False,Q1,2016,10-Q,0.0,-3668000.0,-3647000.0,-0.4,-0.4,0.0,36928000.0,31018000.0,2344000.0,29717000.0,34584000.0,-3883000.0,-5202000.0,,,,1000.0
ABIO,2014-03-31,False,Q1,2014,10-Q,,-2390000.0,-2389000.0,-0.13,-0.13,0.0,22655000.0,21801000.0,1120000.0,21202000.0,21534000.0,-106400000.0,45022000.0,8133000.0,,,1911000.0
ABIO,2014-06-30,False,Q2,2014,10-Q,,-2406000.0,-2405000.0,-0.11,-0.11,0.0,20540000.0,19680000.0,1217000.0,19377000.0,19321000.0,-5450000.0,-5000.0,8076000.0,,,5000.0
ABIO,2015-03-31,False,Q1,2015,10-Q,0.0,-2744000.0,-2744000.0,-0.13,-0.13,0.0,13261000.0,12674000.0,1133000.0,12184000.0,12127000.0,-3113000.0,-2000.0,-55000.0,,,2000.0
ABIO,2014-12-31,False,FY,2014,10-K,0.0,-9693000.0,-9689000.0,-0.47,-0.47,0.0,16132000.0,15488000.0,1388000.0,15354000.0,14741000.0,-9406000.0,-19000.0,8023000.0,,,19000.0
ABIO,2015-12-31,False,FY,2015,10-K,0.0,-11455000.0,-11445000.0,-1.82,-1.82,0.0,39574000.0,38916000.0,1504000.0,38802000.0,38070000.0,-10534000.0,-11000.0,33993000.0,,,11000.0
ABIO,2015-09-30,False,Q3,2015,10-Q,,-2817000.0,-2814000.0,-0.31,-0.31,0.0,42397000.0,41687000.0,1304000.0,41482000.0,41093000.0,-7914000.0,-9000.0,34051000.0,,,9000.0
ABIO,2014-09-30,False,Q3,2014,10-Q,,-2285000.0,-2284000.0,-0.11,-0.11,0.0,18039000.0,17465000.0,838000.0,17249000.0,17198000.0,-7527000.0,-5000.0,8025000.0,,,5000.0
ABIO,2015-06-30,False,Q2,2015,10-Q,,-2719000.0,-2719000.0,-0.1,-0.1,0.0,45115000.0,44327000.0,1356000.0,44086000.0,43758000.0,-5512000.0,-7000.0,34251000.0,,,7000.0
ABIO,2016-06-30,False,Q2,2016,10-Q,,-3941000.0,-3894000.0,-0.43,-0.43,0.0,32635000.0,26735000.0,1697000.0,14379000.0,30891000.0,-7409000.0,-17014000.0,,,,2000.0
ABIO,2017-03-31,False,Q1,2017,10-Q,0.0,-4381000.0,-4338000.0,-0.48,-0.48,0.0,20589000.0,19854000.0,2518000.0,6170000.0,18036000.0,-4344000.0,3008000.0,105000.0,,,
ABIO,2017-09-30,False,Q3,2017,10-Q,,-4475000.0,-4433000.0,-0.39,-0.39,0.0,16921000.0,16376000.0,2544000.0,8142000.0,14352000.0,-13276000.0,8177000.0,5840000.0,,,2000.0
ABIO,2017-06-30,False,Q2,2017,10-Q,,-5559000.0,-5522000.0,-0.59,-0.59,0.0,17296000.0,16655000.0,2519000.0,9101000.0,14747000.0,-9302000.0,9109000.0,1893000.0,,,2000.0
ABIO,2018-03-31,False,Q1,2018,10-Q,0.0,-2773000.0,-2735000.0,-0.2,-0.2,0.0,12788000.0,12727000.0,1719000.0,12096000.0,11054000.0,-3071000.0,3049000.0,3416000.0,,,1000.0
ABIO,2018-06-30,False,Q2,2018,10-Q,,-2156000.0,-2116000.0,-0.15,-0.15,0.0,10067000.0,10010000.0,1060000.0,9635000.0,8998000.0,-5325000.0,3049000.0,3209000.0,,,1000.0
ABIO,2016-12-31,False,FY,2016,10-K,0.0,-16613000.0,-16444000.0,-1.81,-1.81,0.0,24629000.0,21445000.0,2396000.0,7401000.0,22194000.0,-14987000.0,-16414000.0,,,,12000.0
ABIO,2016-09-30,False,Q3,2016,10-Q,,-4712000.0,-4659000.0,-0.51,-0.51,0.0,28679000.0,23788000.0,2156000.0,8095000.0,26480000.0,-11145000.0,-19562000.0,,,,8000.0
ABIO,2018-09-30,False,Q3,2018,10-Q,,-1662000.0,-1593000.0,-0.11,-0.11,0.0,8445000.0,8392000.0,978000.0,8056000.0,7463000.0,-6901000.0,3046000.0,3209000.0,,,4000.0
ABIO,2017-12-31,False,FY,2017,10-K,0.0,-18712000.0,-18490000.0,-1.77,-1.77,0.0,12365000.0,12299000.0,2070000.0,8702000.0,10275000.0,-17472000.0,12926000.0,5847000.0,,,3000.0
