symbol,end_date,amend,period_focus,fiscal_year,doc_type,revenues,op_income,net_income,eps_basic,eps_diluted,dividend,assets,cur_assets,cur_liab,cash,equity,cash_flow_op,cash_flow_inv,cash_flow_fin,debt,goodwill,cap_ex
ABR,2011-12-31,False,FY,2011,10-K,24168370.0,,-40311713.0,-1.61,-1.61,0.0,1776714330.0,,,55236479.0,173060533.0,-389622.0,-40348973.0,-5149490.0,85457708.0,,
ABR,2018-12-31,False,FY,2018,10-K,466262000.0,157782000.0,108312000.0,1.54,1.5,0.0,4612175000.0,,,160063000.0,1065566000.0,-37735000.0,-681875000.0,816507000.0,3367052000.0,56626000.0,
ABR,2011-09-30,False,Q3,2011,10-Q,7807389.0,,-2442229.0,-0.1,-0.1,0.0,1749448086.0,,,59352275.0,197670151.0,-4693480.0,-11232659.0,-25846150.0,85457708.0,,
ABR,2012-03-31,False,Q1,2012,10-Q,9023161.0,,4161780.0,0.17,0.17,0.0,1753500765.0,,,53455266.0,180580380.0,-435500.0,-13010682.0,11664969.0,85457708.0,,
ABR,2011-06-30,False,Q2,2011,10-Q,8264317.0,,-10354735.0,-0.41,-0.41,0.0,1763634233.0,,,42396026.0,207059649.0,-10682976.0,-3789844.0,-44255718.0,85457708.0,,
ABR,2012-09-30,False,Q3,2012,10-Q,7884029.0,,2060329.0,0.07,0.07,0.1,1666978182.0,,,40848637.0,212324133.0,11452522.0,6147061.0,-31987425.0,5500000.0,,
ABR,2012-06-30,False,Q2,2012,10-Q,8312794.0,,15546018.0,0.62,0.62,0.075,1690969525.0,,,64281810.0,212392596.0,7159822.0,33773180.0,-31887671.0,5500000.0,,
ABR,2013-12-31,False,FY,2013,10-K,27829358.0,,16667955.0,0.39,0.39,0.5,1877472482.0,,,60389552.0,437596282.0,22522344.0,-200076986.0,208755305.0,703600000.0,,
ABR,2013-06-30,False,Q2,2013,10-Q,8231822.0,,2995866.0,0.07,0.07,0.12,1933342583.0,,,50712074.0,397224070.0,13102533.0,-219950013.0,228370665.0,5500000.0,,
ABR,2013-03-31,False,Q1,2013,10-Q,8895434.0,,6640239.0,0.2,0.19,0.12,1856950128.0,,,77964567.0,363389020.0,1855664.0,-82374849.0,129294863.0,5500000.0,,
ABR,2012-12-31,False,FY,2012,10-K,30173754.0,,21500888.0,0.8,0.79,0.285,1701881280.0,,,29188889.0,231261122.0,20166051.0,-46533678.0,320037.0,5500000.0,,
ABR,2013-09-30,False,Q3,2013,10-Q,6939947.0,,3664679.0,0.08,0.08,0.13,1976560005.0,,,64658561.0,437751720.0,22518732.0,-224372281.0,237323221.0,649200000.0,,
ABR,2014-03-31,False,Q1,2014,10-Q,8661515.0,,5874761.0,0.12,0.12,0.13,1900310225.0,,,32704172.0,467890296.0,4572971.0,-4263474.0,-27994877.0,734400000.0,,
ABR,2015-03-31,False,Q1,2015,10-Q,8450343.0,,15010469.0,0.3,0.3,0.13,1901690415.0,,,105434483.0,550926202.0,2271727.0,-148710572.0,201455583.0,763400000.0,,
ABR,2014-06-30,False,Q2,2014,10-Q,9001383.0,,11466057.0,0.23,0.23,0.13,1902972869.0,,,47813740.0,476591319.0,13484588.0,62424540.0,-88484940.0,734400000.0,,
ABR,2014-09-30,False,Q3,2014,10-Q,8443877.0,,63402121.0,1.26,1.26,0.13,1917155437.0,,,72874163.0,534166402.0,24820760.0,54801325.0,-67137474.0,750400000.0,,
ABR,2014-12-31,False,FY,2014,10-K,32641249.0,,85792235.0,1.71,1.7,0.52,1880422590.0,,,50417745.0,535455471.0,30795356.0,144951905.0,-185719068.0,716100000.0,,
ABR,2015-09-30,False,Q3,2015,10-Q,7202851.0,,15343759.0,0.3,0.3,0.15,1847430495.0,,,115612829.0,565664011.0,35599510.0,-31266208.0,60861782.0,846100000.0,,
ABR,2015-06-30,False,Q2,2015,10-Q,7201834.0,,10498640.0,0.21,0.21,0.15,1833045973.0,,,130063658.0,556222440.0,19520524.0,666102.0,59459287.0,806100000.0,,
ABR,2016-03-31,False,Q1,2016,10-Q,5331532.0,,1134896.0,0.02,0.02,0.15,1872420460.0,,,145132766.0,561354511.0,3837595.0,-113900286.0,66486770.0,854300000.0,,
ABR,2015-12-31,False,FY,2015,10-K,27666252.0,,45875094.0,0.9,0.9,0.58,1827391944.0,,,188708687.0,565090775.0,36347689.0,24734072.0,77209181.0,849100000.0,,
ABR,2016-09-30,False,Q3,2016,10-Q,34500000.0,,10888172.0,0.21,0.21,0.16,2650220728.0,,,71613974.0,725431542.0,148968767.0,-207892135.0,-58171345.0,1786291480.0,27790030.0,
ABR,2016-06-30,False,Q2,2016,10-Q,4426555.0,,10238448.0,0.2,0.2,0.15,1916746481.0,,,160177704.0,565673215.0,17687135.0,-13375696.0,-32842422.0,848500000.0,,
ABR,2017-06-30,False,Q2,2017,10-Q,2863259.0,,11929438.0,0.21,0.21,0.18,2935445368.0,,,80759389.0,837981598.0,307915394.0,-126493970.0,-239307465.0,846600000.0,119688979.0,
ABR,2017-09-30,False,Q3,2017,10-Q,47989167.0,,16420958.0,0.27,0.26,0.18,3058177862.0,,,84751397.0,845743209.0,387901452.0,-350841388.0,-90954097.0,845800000.0,4900000.0,
ABR,2017-03-31,False,Q1,2017,10-Q,3223204.0,,15613674.0,0.3,0.3,0.17,2914427834.0,,,104843232.0,759665883.0,73239764.0,44355647.0,-151397609.0,847300000.0,96089432.0,
ABR,2016-12-31,False,FY,2016,10-K,85600000.0,43621132.0,42796132.0,0.83,0.83,0.0,2970786246.0,,,138645430.0,747037928.0,-197617076.0,-201917252.0,349471071.0,2068148223.0,26747381.0,
ABR,2018-03-31,False,Q1,2018,10-Q,53162000.0,,26189000.0,0.42,0.42,0.21,3748768000.0,,,102548000.0,887870000.0,20797000.0,-158974000.0,128612000.0,310300000.0,120366000.0,
ABR,2017-12-31,False,FY,2017,10-K,10973000.0,110868000.0,65835000.0,1.14,1.12,0.0,3625945000.0,,,104374000.0,864556000.0,460834000.0,-907949000.0,412844000.0,2595658000.0,56626000.0,
ABR,2018-06-30,False,Q2,2018,10-Q,46923000.0,,17167000.0,0.26,0.25,0.25,4204320000.0,,,106968000.0,943512000.0,18613000.0,-518052000.0,536321000.0,235431000.0,118965000.0,
ABR,2018-09-30,False,Q3,2018,10-Q,55580000.0,,27737000.0,0.37,0.36,0.25,4534260000.0,,,92598000.0,966472000.0,-195536000.0,-550216000.0,797314000.0,263653000.0,117565000.0,
