symbol,end_date,amend,period_focus,fiscal_year,doc_type,revenues,op_income,net_income,eps_basic,eps_diluted,dividend,assets,cur_assets,cur_liab,cash,equity,cash_flow_op,cash_flow_inv,cash_flow_fin,debt,goodwill,cap_ex
ACET,2018-12-31,False,Q2,2019,10-Q,163649000.0,-15068000.0,-22350000.0,-0.63,-0.63,0.0,753159000.0,504687000.0,503734000.0,41782000.0,50311000.0,-54499000.0,180000.0,-4171000.0,317121000.0,1862000.0,498000.0
ACET,2011-09-30,False,Q1,2012,10-Q,101317000.0,4950000.0,3033000.0,0.11,0.11,0.0,292355000.0,180425000.0,64567000.0,32186000.0,161372000.0,5913000.0,63000.0,-1570000.0,,33568000.0,114000.0
ACET,2011-12-31,False,Q2,2012,10-Q,110707000.0,7116000.0,4588000.0,0.17,0.17,0.0,300673000.0,189674000.0,73836000.0,28242000.0,161571000.0,5084000.0,-961000.0,-3007000.0,,33522000.0,545000.0
ACET,2012-12-31,False,Q2,2013,10-Q,113956000.0,6612000.0,4513000.0,0.17,0.17,0.055,315447000.0,209489000.0,78152000.0,25326000.0,179261000.0,2049000.0,-978000.0,-1105000.0,47651000.0,33541000.0,765000.0
ACET,2013-03-31,False,Q3,2013,10-Q,150871000.0,11746000.0,7593000.0,0.28,0.28,0.055,333282000.0,228486000.0,91160000.0,35423000.0,185169000.0,17417000.0,-1588000.0,-5460000.0,43868000.0,33512000.0,902000.0
ACET,2012-03-31,False,Q3,2012,10-Q,121415000.0,7574000.0,5379000.0,0.2,0.2,0.0,309804000.0,201018000.0,79450000.0,26611000.0,168649000.0,9833000.0,-2206000.0,-8629000.0,,33549000.0,692000.0
ACET,2012-09-30,False,Q1,2013,10-Q,111748000.0,7613000.0,4820000.0,0.18,0.18,0.055,300044000.0,193602000.0,66900000.0,24343000.0,173627000.0,-2942000.0,472000.0,1709000.0,48217000.0,33515000.0,327000.0
ACET,2012-06-30,False,FY,2012,10-K,444388000.0,25366000.0,16981000.0,0.64,0.63,0.2,299280000.0,191969000.0,73641000.0,24862000.0,168003000.0,13269000.0,-42000.0,-15295000.0,45765000.0,33495000.0,1098000.0
ACET,2013-06-30,False,FY,2013,10-K,499690000.0,34416000.0,22328000.0,0.83,0.81,0.22,323430000.0,218300000.0,89907000.0,33231000.0,194640000.0,23731000.0,-1451000.0,-14306000.0,32069000.0,33526000.0,1022000.0
ACET,2013-09-30,False,Q1,2014,10-Q,129261000.0,17416000.0,11335000.0,0.41,0.4,0.06,333262000.0,228887000.0,89667000.0,35058000.0,208438000.0,8010000.0,-412000.0,-6388000.0,26253000.0,33563000.0,356000.0
ACET,2013-12-31,False,Q2,2014,10-Q,116508000.0,10743000.0,6755000.0,0.24,0.24,0.06,339762000.0,235868000.0,89973000.0,41967000.0,218022000.0,15953000.0,-812000.0,-7409000.0,24453000.0,33804000.0,562000.0
ACET,2014-09-30,False,Q1,2015,10-Q,130803000.0,8623000.0,4828000.0,0.17,0.17,0.0,460764000.0,271212000.0,110251000.0,40669000.0,234987000.0,-899000.0,-2229000.0,2420000.0,108305000.0,66432000.0,225000.0
ACET,2015-09-30,False,Q1,2016,10-Q,133500000.0,15518000.0,9298000.0,0.32,0.32,0.0,490646000.0,307399000.0,105160000.0,30830000.0,265175000.0,2974000.0,-5772000.0,-614000.0,110108000.0,67883000.0,312000.0
ACET,2014-03-31,False,Q3,2014,10-Q,124830000.0,7078000.0,5356000.0,0.19,0.19,0.06,349862000.0,246909000.0,100121000.0,34383000.0,223407000.0,13086000.0,-1199000.0,-11532000.0,22404000.0,33804000.0,709000.0
ACET,2014-12-31,False,Q2,2015,10-Q,123765000.0,10672000.0,6608000.0,0.23,0.23,0.0,479800000.0,291137000.0,126444000.0,37216000.0,238665000.0,84000.0,-2552000.0,-603000.0,108256000.0,67963000.0,511000.0
ACET,2015-03-31,False,Q3,2015,10-Q,145796000.0,15430000.0,8411000.0,0.29,0.29,0.0,481621000.0,295547000.0,128143000.0,33709000.0,240347000.0,6556000.0,-3211000.0,-8317000.0,107207000.0,67848000.0,581000.0
ACET,2015-12-31,False,Q2,2016,10-Q,131674000.0,14091000.0,8270000.0,0.28,0.28,0.0,524394000.0,329177000.0,102594000.0,54349000.0,285857000.0,16268000.0,-9589000.0,13940000.0,116082000.0,67853000.0,725000.0
ACET,2017-03-31,False,Q3,2017,10-Q,190128000.0,13193000.0,5588000.0,0.16,0.16,0.0,1058620000.0,480951000.0,232073000.0,59962000.0,402151000.0,31551000.0,-275512000.0,237852000.0,367790000.0,241741000.0,1386000.0
ACET,2016-12-31,False,Q2,2017,10-Q,125552000.0,1393000.0,-564000.0,-0.02,-0.02,0.0,1044714000.0,459220000.0,207626000.0,68008000.0,396295000.0,20207000.0,-274565000.0,256613000.0,382935000.0,241402000.0,656000.0
ACET,2016-03-31,False,Q3,2016,10-Q,157926000.0,16472000.0,10424000.0,0.36,0.35,0.0,544600000.0,351274000.0,110341000.0,53093000.0,298851000.0,17023000.0,-10842000.0,12511000.0,117426000.0,67893000.0,878000.0
ACET,2014-06-30,False,FY,2014,10-K,510179000.0,44272000.0,29000000.0,1.04,1.02,0.24,467984000.0,276354000.0,118523000.0,42897000.0,233584000.0,25056000.0,-86633000.0,70533000.0,105501000.0,66516000.0,1145000.0
ACET,2015-06-30,False,FY,2015,10-K,546951000.0,56333000.0,33483000.0,1.17,1.14,0.24,489774000.0,310310000.0,125000000.0,34020000.0,254211000.0,8343000.0,-4901000.0,-8245000.0,110157000.0,67870000.0,617000.0
ACET,2017-12-31,False,Q2,2018,10-Q,171229000.0,3785000.0,-13864000.0,-0.39,-0.39,0.0,1014944000.0,477384000.0,238608000.0,64930000.0,397023000.0,46905000.0,-4722000.0,-33916000.0,326497000.0,237019000.0,3041000.0
ACET,2016-09-30,False,Q1,2017,10-Q,128018000.0,8765000.0,4385000.0,0.15,0.15,0.0,544695000.0,356057000.0,93197000.0,73142000.0,309823000.0,10650000.0,-3152000.0,-1381000.0,120172000.0,67880000.0,541000.0
ACET,2018-03-31,False,Q3,2018,10-Q,185998000.0,-259070000.0,-196635000.0,-5.57,-5.57,0.0,831280000.0,487641000.0,435195000.0,62032000.0,203382000.0,56415000.0,-6469000.0,-44727000.0,319420000.0,1939000.0,4677000.0
ACET,2017-09-30,False,Q1,2018,10-Q,185255000.0,7219000.0,454000.0,0.01,0.01,0.0,1017973000.0,467700000.0,227149000.0,72100000.0,409230000.0,43965000.0,-2569000.0,-25645000.0,331579000.0,237004000.0,1506000.0
ACET,2016-06-30,False,FY,2016,10-K,558524000.0,58028000.0,34766000.0,1.19,1.18,0.24,540778000.0,352661000.0,98906000.0,66828000.0,304442000.0,31831000.0,-9894000.0,10855000.0,118789000.0,67871000.0,1128000.0
ACET,2017-06-30,False,FY,2017,10-K,638318000.0,30554000.0,11376000.0,0.35,0.35,0.26,1040790000.0,474160000.0,222805000.0,55680000.0,407672000.0,44567000.0,-276378000.0,220162000.0,353666000.0,236970000.0,1893000.0
ACET,2017-06-30,True,FY,2017,10-K,638318000.0,30554000.0,11376000.0,0.35,0.35,0.26,1038185000.0,471555000.0,222805000.0,55680000.0,405067000.0,44567000.0,-276378000.0,220162000.0,353666000.0,236970000.0,1893000.0
ACET,2018-09-30,False,Q1,2019,10-Q,164405000.0,-13298000.0,-21092000.0,-0.59,-0.59,0.0,774635000.0,516600000.0,333952000.0,51547000.0,73762000.0,-46435000.0,1315000.0,-3799000.0,315382000.0,1876000.0,185000.0
ACET,2018-03-31,True,Q3,2018,10-Q,185998000.0,-259070000.0,-267985000.0,-7.59,-7.59,0.0,761191000.0,487641000.0,435195000.0,62032000.0,132032000.0,56415000.0,-6469000.0,-44727000.0,319420000.0,1939000.0,4677000.0
ACET,2018-06-30,False,FY,2018,10-K,711359000.0,-275012000.0,-316121000.0,-8.98,-8.98,0.205,767024000.0,502627000.0,302518000.0,100874000.0,95285000.0,101806000.0,-8281000.0,-48863000.0,317398000.0,1883000.0,5771000.0
