symbol,end_date,amend,period_focus,fiscal_year,doc_type,revenues,op_income,net_income,eps_basic,eps_diluted,dividend,assets,cur_assets,cur_liab,cash,equity,cash_flow_op,cash_flow_inv,cash_flow_fin,debt,goodwill,cap_ex
ACGL,2011-09-30,False,Q3,2011,10-Q,764993000.0,,162527000.0,1.24,1.19,0.0,17430028000.0,,,369895000.0,4474371000.0,756471000.0,-432057000.0,-315019000.0,100000000.0,,15526000000.0
ACGL,2010-06-30,False,Q2,2010,10-Q,776315000.0,,236990000.0,4.65,4.45,0.0,16777399000.0,,,341469000.0,4398003000.0,390137000.0,-73476000.0,-296654000.0,125000000.0,,7860000.0
ACGL,2011-03-31,False,Q1,2011,10-Q,775072000.0,,19295000000.0,0.43,0.41,0.0,17191966000.0,,,406877000.0,4325535000.0,224580000.0,-68013000000.0,-117836000.0,100000000.0,,8082000000.0
ACGL,2010-06-30,False,Q2,2010,10-Q,776315000.0,,236990000.0,4.65,4.45,0.0,16777399000.0,,,341469000.0,4398003000.0,390137000.0,-73476000.0,-296654000.0,125000000.0,,7860000.0
ACGL,2011-06-30,False,Q2,2011,10-Q,775568000.0,,91881000000.0,0.7,0.67,0.0,17213806000.0,,,411001000.0,4441269000.0,446547000.0,-199138000.0,-205551000.0,100000000.0,,12348000000.0
ACGL,2010-12-31,False,FY,2010,10-K,3244067000.0,,816744000.0,16.28,15.55,0.0,15770792000.0,,,362740000.0,4513003000.0,802074000.0,16097000000.0,-785637000.0,100000000.0,,11664000000.0
ACGL,2010-09-30,False,Q3,2010,10-Q,797352000.0,,141570000.0,2.89,2.77,0.0,17701397000.0,,,365997000.0,4717910000.0,657561000.0,-259931000.0,-362365000.0,125000000.0,,10111000000.0
ACGL,2012-09-30,False,Q3,2012,10-Q,904799000.0,,184172000.0,1.36,1.33,0.0,18889757000.0,,,422440000.0,5348794000.0,731951000.0,-493141000.0,-173468000.0,100000000.0,,13894000000.0
ACGL,2012-06-30,False,Q2,2012,10-Q,842468000.0,,212619000.0,1.58,1.54,0.0,18496723000.0,,,355392000.0,5020316000.0,397268000.0,-315321000.0,-78747000000.0,100000000.0,,10208000000.0
ACGL,2018-12-31,False,FY,2018,10-K,5450568000.0,,713616000.0,1.76,1.73,0.0,32218329000.0,,,646556000.0,10231387000.0,1559322000.0,-554020000.0,-988810000.0,455682000.0,249620000.0,29809000.0
ACGL,2011-12-31,False,FY,2011,10-K,3063307000.0,,410514000.0,3.1,2.97,0.0,17141769000.0,,,351699000.0,4628486000.0,866112000.0,-538420000.0,-337135000.0,100000000.0,,18987000000.0
ACGL,2013-03-31,False,Q1,2013,10-Q,890141000.0,,250992000.0,1.92,1.85,0.0,18757061000.0,,,356767000.0,5335530000.0,205659000.0,-210432000.0,-3065000.0,100000000.0,,3742000.0
ACGL,2012-03-31,False,Q1,2012,10-Q,815008000.0,,157795000.0,1.18,1.14,0.0,17812783000.0,,,422806000.0,4839456000.0,144821000.0,3381000000.0,-81278000000.0,100000000.0,,6498000000.0
ACGL,2013-06-30,False,Q2,2013,10-Q,851790000.0,,171455000.0,1.31,1.26,0.0,18917683000.0,,,375119000.0,5234318000.0,388354000.0,-305712000.0,-66128000.0,100000000.0,,7092000.0
ACGL,2012-12-31,False,FY,2012,10-K,3482381000.0,,557706000.0,4.15,4.03,0.0,17816762000.0,,,371041000.0,5168878000.0,921603000.0,-395968000.0,-513035000.0,100000000.0,,18532000000.0
ACGL,2013-09-30,False,Q3,2013,10-Q,861148000.0,,109341000.0,0.83,0.8,0.0,18930823000.0,,,436141000.0,5443285000.0,627048000.0,-485672000.0,-71503000.0,100000000.0,,10953000.0
ACGL,2015-09-30,False,Q3,2015,10-Q,932590000.0,,74549000.0,0.62,0.6,0.0,23770592000.0,,,649779000.0,6936977000.0,807579000.0,-500750000.0,-134094000.0,339077000.0,103620000.0,10901000.0
ACGL,2014-03-31,False,Q1,2014,10-Q,946231000.0,,177016000.0,1.34,1.3,0.0,21800358000.0,,,1569605000.0,6685629000.0,198169000.0,-41226000.0,978364000.0,100000000.0,120875000.0,5382000.0
ACGL,2015-03-31,False,Q1,2015,10-Q,1082344000.0,,277852000.0,2.24,2.16,0.0,22849680000.0,,,471012000.0,7078296000.0,85461000.0,44619000.0,-138302000.0,100000000.0,106745000.0,32897000.0
ACGL,2013-12-31,False,FY,2013,10-K,3526157000.0,,687793000.0,5.24,5.07,0.0,19566094000.0,,,434057000.0,5647496000.0,850868000.0,-1307513000.0,524018000.0,100000000.0,27300000.0,17499000.0
ACGL,2014-09-30,False,Q3,2014,10-Q,992531000.0,,223191000.0,1.69,1.64,0.0,22610685000.0,,,663726000.0,6863066000.0,799659000.0,-1311100000.0,750676000.0,100000000.0,111528000.0,14575000.0
ACGL,2014-06-30,False,Q2,2014,10-Q,1035660000.0,,202531000.0,1.53,1.48,0.0,22573515000.0,,,926443000.0,7021739000.0,453063000.0,-952067000.0,988877000.0,100000000.0,118721000.0,10360000.0
ACGL,2014-12-31,False,FY,2014,10-K,3988873000.0,,812417000.0,6.21,6.02,0.0,22009543000.0,,,485702000.0,6899134000.0,1037130000.0,-1505421000.0,539943000.0,100000000.0,14946000.0,19883000.0
ACGL,2015-06-30,False,Q2,2015,10-Q,1019652000.0,,110305000.0,0.91,0.88,0.0,23084925000.0,,,525074000.0,6932395000.0,385199000.0,-39154000.0,-306634000.0,100000000.0,102518000.0,43165000.0
ACGL,2016-09-30,False,Q3,2016,10-Q,1197501000.0,,247388000.0,2.05,1.98,0.0,25643231000.0,,,578816000.0,8187130000.0,1037139000.0,-1255108000.0,253791000.0,398100000.0,90941000.0,11565000.0
ACGL,2016-06-30,False,Q2,2016,10-Q,1191152000.0,,205570000.0,1.7,1.65,0.0,24411917000.0,,,516591000.0,7492511000.0,541224000.0,-355668000.0,-213385000.0,397830000.0,88327000.0,8284000.0
ACGL,2017-03-31,False,Q1,2017,10-Q,1319176000.0,,241909000.0,1.8,1.74,0.0,30092226000.0,,,703754000.0,9474030000.0,208118000.0,-121878000.0,-227669000.0,734961000.0,750315000.0,5194000.0
ACGL,2016-03-31,False,Q1,2016,10-Q,1086676000.0,,149314000.0,1.24,1.2,0.0,24541369000.0,,,557961000.0,7168502000.0,322543000.0,-233267000.0,-86973000.0,457431000.0,92670000.0,3952000.0
ACGL,2015-12-31,False,FY,2015,10-K,3936590000.0,,515800000.0,4.24,4.09,0.0,23177270000.0,,,553326000.0,6943712000.0,997906000.0,-913875000.0,-4656000.0,530434000.0,15536000.0,15736000.0
ACGL,2016-12-31,False,FY,2016,10-K,4463556000.0,,664668000.0,5.5,5.33,0.0,29372109000.0,,,842942000.0,9105572000.0,1396644000.0,-2721543000.0,1635669000.0,756650000.0,204021000.0,15303000.0
ACGL,2017-09-30,False,Q3,2017,10-Q,1479554000.0,,-52760000.0,-0.39,-0.39,0.0,32624797000.0,,,862361000.0,9772042000.0,1081134000.0,-880582000.0,-194914000.0,826242000.0,684405000.0,16862000.0
ACGL,2017-12-31,False,FY,2017,10-K,5627375000.0,,566502000.0,4.21,4.07,0.0,32051658000.0,,,606199000.0,10040013000.0,1112617000.0,-1359996000.0,-3405000.0,816132000.0,198236000.0,22841000.0
ACGL,2018-03-31,False,Q1,2018,10-Q,1283955000.0,,137276000.0,1.01,0.99,0.0,32131955000.0,,,680891000.0,10004484000.0,400180000.0,-57914000.0,-338905000.0,755294000.0,626004000.0,4240000.0
ACGL,2017-06-30,False,Q2,2017,10-Q,1407537000.0,,173818000.0,1.29,1.25,0.0,30862639000.0,,,740320000.0,9776343000.0,554067000.0,-336395000.0,-327790000.0,686452000.0,712975000.0,11103000.0
ACGL,2018-06-30,False,Q2,2018,10-Q,1410809000.0,,233243000.0,0.58,0.56,0.0,31853120000.0,,,526628000.0,10024908000.0,496886000.0,102399000.0,-733029000.0,572289000.0,593008000.0,13242000.0
ACGL,2018-09-30,False,Q3,2018,10-Q,1403784000.0,,217006000.0,0.54,0.53,0.0,32252534000.0,,,651037000.0,10231902000.0,1120987000.0,-390083000.0,-736744000.0,554756000.0,566662000.0,19050000.0
