symbol,end_date,amend,period_focus,fiscal_year,doc_type,revenues,op_income,net_income,eps_basic,eps_diluted,dividend,assets,cur_assets,cur_liab,cash,equity,cash_flow_op,cash_flow_inv,cash_flow_fin,debt,goodwill,cap_ex
ACIW,2010-06-30,False,Q2,2010,10-Q,92423000.0,4366000.0,-150000.0,0.0,0.0,0.0,552516000.0,249047000.0,172638000.0,117757000.0,217267000.0,17098000.0,-9387000.0,-13897000.0,,199737000.0,2406000.0
ACIW,2011-03-31,False,Q1,2011,10-Q,104543000.0,7498000.0,1622000.0,0.05,0.05,0.0,615453000.0,285600000.0,273377000.0,168882000.0,265658000.0,17943000.0,-24017000.0,2107000.0,,218403000.0,5188000.0
ACIW,2018-12-31,False,FY,2018,10-K,1009780000.0,125911000.0,68921000.0,0.59,0.59,0.0,2122455000.0,566477000.0,296620000.0,148502000.0,1048231000.0,183932000.0,-45360000.0,-57704000.0,671756000.0,909691000.0,18265000.0
ACIW,2011-06-30,False,Q2,2011,10-Q,113366000.0,10422000.0,9800000.0,0.29,0.29,0.0,613647000.0,288180000.0,265671000.0,170807000.0,279540000.0,25484000.0,-30264000.0,2836000.0,,219315000.0,7870000.0
ACIW,2011-09-30,False,Q3,2011,10-Q,112149000.0,11268000.0,10539000.0,0.31,0.31,0.0,614702000.0,291239000.0,185970000.0,179700000.0,287765000.0,52235000.0,-43006000.0,1126000.0,,215864000.0,9310000.0
ACIW,2012-03-31,False,Q1,2012,10-Q,137625000.0,-1613000.0,-1822000.0,-0.05,-0.05,0.0,1228676000.0,416613000.0,298831000.0,201080000.0,529175000.0,-12614000.0,-273040000.0,288769000.0,,487535000.0,1316000.0
ACIW,2010-09-30,False,Q3,2010,10-Q,97017000.0,7388000.0,2336000.0,0.07,0.07,0.0,581393000.0,268508000.0,271006000.0,143902000.0,226713000.0,49133000.0,-14955000.0,-18146000.0,,204615000.0,4157000.0
ACIW,2012-06-30,False,Q2,2012,10-Q,149797000.0,-7858000.0,-4651000.0,-0.12,-0.12,0.0,1202999000.0,373833000.0,292000000.0,149616000.0,495586000.0,-18067000.0,-281990000.0,254563000.0,,480900000.0,3392000.0
ACIW,2011-12-31,False,FY,2011,10-K,465095000.0,66231000.0,45852000.0,1.37,1.34,0.0,664642000.0,341864000.0,227057000.0,197098000.0,317330000.0,83462000.0,-47683000.0,-8721000.0,,214144000.0,10668000.0
ACIW,2013-06-30,False,Q2,2013,10-Q,205830000.0,11522000.0,1881000.0,0.05,0.05,0.0,1533724000.0,417915000.0,321509000.0,107741000.0,508419000.0,57631000.0,-277830000.0,256182000.0,473125000.0,625990000.0,9050000.0
ACIW,2012-12-31,False,FY,2012,10-K,666579000.0,74372000.0,48846000.0,1.26,1.22,0.0,1250886000.0,356126000.0,266599000.0,76329000.0,534357000.0,-9265000.0,-342940000.0,233901000.0,,501141000.0,13050000.0
ACIW,2012-09-30,False,Q3,2012,10-Q,155062000.0,8308000.0,5655000.0,0.14,0.14,0.0,1220802000.0,337506000.0,305149000.0,87682000.0,477233000.0,-12742000.0,-339868000.0,243705000.0,,505787000.0,10032000.0
ACIW,2013-03-31,False,Q1,2013,10-Q,161997000.0,-4009000.0,-2166000.0,-0.05,-0.05,0.0,1557316000.0,422026000.0,311527000.0,112484000.0,525726000.0,34927000.0,-273207000.0,278767000.0,482500000.0,603669000.0,6241000.0
ACIW,2010-12-31,False,FY,2010,10-K,418424000.0,53648000.0,27195000.0,0.81,0.8,0.0,601529000.0,294809000.0,270764000.0,171310000.0,255623000.0,81308000.0,-19349000.0,-17575000.0,,203935000.0,4957000.0
ACIW,2013-12-31,False,FY,2013,10-K,864928000.0,123048000.0,63868000.0,1.63,1.6,0.0,1681851000.0,436362000.0,345600000.0,95059000.0,543694000.0,138418000.0,-410714000.0,291640000.0,755383000.0,669217000.0,21104000.0
ACIW,2013-09-30,False,Q3,2013,10-Q,213939000.0,29555000.0,13762000.0,0.35,0.35,0.0,1601495000.0,475694000.0,295420000.0,166511000.0,476696000.0,86560000.0,-282562000.0,287731000.0,764253000.0,630739000.0,11482000.0
ACIW,2014-03-31,False,Q1,2014,10-Q,221473000.0,291000.0,-5775000.0,-0.15,-0.15,0.0,1640002000.0,411928000.0,353254000.0,58936000.0,478600000.0,15257000.0,-7808000.0,-44310000.0,778512000.0,665406000.0,4228000.0
ACIW,2014-06-30,False,Q2,2014,10-Q,254808000.0,26741000.0,11237000.0,0.1,0.1,0.0,1614204000.0,390603000.0,337384000.0,54982000.0,502666000.0,48323000.0,-16810000.0,-75679000.0,752641000.0,668566000.0,8319000.0
ACIW,2015-03-31,False,Q1,2015,10-Q,232817000.0,6425000.0,-162000.0,0.0,0.0,0.0,1771494000.0,356046000.0,351646000.0,68459000.0,577216000.0,49167000.0,-14497000.0,-37637000.0,850083000.0,773416000.0,9138000.0
ACIW,2014-09-30,False,Q3,2014,10-Q,249644000.0,31869000.0,15732000.0,0.14,0.14,0.0,1822021000.0,410449000.0,356536000.0,60071000.0,520828000.0,71983000.0,-231772000.0,125646000.0,946287000.0,816931000.0,11755000.0
ACIW,2015-09-30,False,Q3,2015,10-Q,238701000.0,23886000.0,14780000.0,0.13,0.12,0.0,1744664000.0,380626000.0,365078000.0,80857000.0,598904000.0,118991000.0,-3252000.0,-105164000.0,784406000.0,773260000.0,19546000.0
ACIW,2015-06-30,False,Q2,2015,10-Q,265822000.0,23664000.0,27051000.0,0.23,0.23,0.0,1772458000.0,381457000.0,368310000.0,50397000.0,598560000.0,49933000.0,6407000.0,-81308000.0,808230000.0,775279000.0,13408000.0
ACIW,2014-12-31,False,FY,2014,10-K,1016149000.0,138172000.0,67560000.0,0.59,0.58,0.0,1850700000.0,418268000.0,378816000.0,77301000.0,581405000.0,149026000.0,-240690000.0,78082000.0,891935000.0,781163000.0,17627000.0
ACIW,2016-09-30,False,Q3,2016,10-Q,216975000.0,-9353000.0,-9826000.0,-0.08,-0.08,0.0,1802186000.0,262768000.0,352223000.0,50912000.0,694762000.0,64856000.0,138841000.0,-251298000.0,742657000.0,915857000.0,34429000.0
ACIW,2016-03-31,False,Q1,2016,10-Q,226066000.0,136931000.0,89484000.0,0.75,0.75,0.0,1834342000.0,312914000.0,363810000.0,94369000.0,704172000.0,38433000.0,177096000.0,-224524000.0,758914000.0,917470000.0,7138000.0
ACIW,2016-06-30,False,Q2,2016,10-Q,219930000.0,-26345000.0,-16858000.0,-0.15,-0.15,0.0,1799925000.0,268479000.0,376520000.0,52463000.0,695638000.0,56868000.0,159888000.0,-265172000.0,723353000.0,915657000.0,20728000.0
ACIW,2017-09-30,False,Q3,2017,10-Q,225735000.0,11423000.0,3388000.0,0.03,0.03,0.0,1814889000.0,306722000.0,264992000.0,67930000.0,771309000.0,85072000.0,-39894000.0,-57320000.0,692166000.0,909691000.0,18566000.0
ACIW,2015-12-31,False,FY,2015,10-K,1045977000.0,127948000.0,85436000.0,0.73,0.72,0.0,1990212000.0,388084000.0,390444000.0,102239000.0,654400000.0,183071000.0,-199961000.0,49563000.0,938583000.0,913261000.0,27283000.0
ACIW,2018-03-31,False,Q1,2018,10-Q,209310000.0,-16704000.0,-19428000.0,-0.17,-0.17,0.0,2015169000.0,419294000.0,270337000.0,74281000.0,979022000.0,45136000.0,-12589000.0,-29695000.0,679240000.0,909691000.0,5937000.0
ACIW,2017-12-31,False,FY,2017,10-K,1024191000.0,84640000.0,5135000.0,0.04,0.04,0.0,1861639000.0,421821000.0,321782000.0,69710000.0,764597000.0,146197000.0,-54414000.0,-98148000.0,685729000.0,909691000.0,25717000.0
ACIW,2017-06-30,False,Q2,2017,10-Q,240599000.0,-38443000.0,-29809000.0,-0.25,-0.25,0.0,1858303000.0,345477000.0,313193000.0,95357000.0,757900000.0,99097000.0,-26235000.0,-55406000.0,692577000.0,915184000.0,11809000.0
ACIW,2017-03-31,False,Q1,2017,10-Q,231462000.0,3623000.0,-1608000.0,-0.01,-0.01,0.0,1830806000.0,340867000.0,264569000.0,99744000.0,770273000.0,85686000.0,-12405000.0,-48873000.0,696834000.0,913014000.0,6566000.0
ACIW,2018-09-30,False,Q3,2018,10-Q,245525000.0,28359000.0,15233000.0,0.13,0.13,0.0,1984324000.0,413335000.0,249631000.0,76342000.0,962938000.0,100462000.0,-39777000.0,-53301000.0,674924000.0,909691000.0,16434000.0
ACIW,2018-06-30,False,Q2,2018,10-Q,234995000.0,-2158000.0,-14574000.0,-0.13,-0.13,0.0,1965736000.0,389986000.0,260417000.0,59033000.0,940715000.0,71111000.0,-29351000.0,-51570000.0,677799000.0,909691000.0,11108000.0
ACIW,2016-12-31,False,FY,2016,10-K,1005701000.0,221130000.0,129535000.0,1.1,1.09,0.0,1902295000.0,407991000.0,376366000.0,75753000.0,754917000.0,99830000.0,129633000.0,-251076000.0,743918000.0,909691000.0,40812000.0
