symbol,end_date,amend,period_focus,fiscal_year,doc_type,revenues,op_income,net_income,eps_basic,eps_diluted,dividend,assets,cur_assets,cur_liab,cash,equity,cash_flow_op,cash_flow_inv,cash_flow_fin,debt,goodwill,cap_ex
ACU,2018-09-30,False,Q3,2018,10-Q,34731000.0,1373000.0,807000.0,0.24,0.23,0.11,115183000.0,78434000.0,11338000.0,4021000.0,52491000.0,-4496000.0,-2252000.0,1510000.0,47028000.0,4696000.0,2252000.0
ACU,2011-12-31,False,FY,2011,10-K,73301864.0,4284964.0,2811193.0,0.91,0.91,0.0,55221736.0,46522364.0,8704020.0,7853343.0,27774927.0,2063068.0,-4169552.0,3428433.0,,,940713.0
ACU,2011-06-30,False,Q2,2011,10-Q,24029000.0,2460000.0,1743000.0,0.56,0.56,0.06,61064000.0,52588000.0,13355000.0,4234000.0,27525000.0,-3704000.0,-3473000.0,4758000.0,,,296000.0
ACU,2011-09-30,False,Q3,2011,10-Q,19036000.0,1120000.0,682000.0,0.22,0.22,0.07,55344000.0,46810000.0,8304000.0,6270000.0,27561000.0,-539000.0,-3807000.0,4078000.0,,,599000.0
ACU,2012-06-30,False,Q2,2012,10-Q,27594000.0,3078000.0,2061000.0,0.66,0.66,0.07,69154000.0,59538000.0,15579000.0,7141000.0,29440000.0,-3557000.0,-1759000.0,4650000.0,,,233000.0
ACU,2012-03-31,False,Q1,2012,10-Q,16878000.0,458000.0,260000.0,0.08,0.08,0.07,52885000.0,44327000.0,6978000.0,4078000.0,27780000.0,-2491000.0,-104000.0,-1217000.0,,,75000.0
ACU,2012-12-31,False,FY,2012,10-K,84369770.0,5360520.0,3549231.0,1.14,1.13,0.28,67827816.0,58409166.0,11730217.0,9749864.0,30866303.0,-1272612.0,-2288364.0,5394693.0,,,681135.0
ACU,2012-09-30,False,Q3,2012,10-Q,20363000.0,1359000.0,798000.0,0.26,0.26,0.07,67661000.0,58066000.0,11809000.0,10105000.0,30378000.0,-1474000.0,-2093000.0,5749000.0,,,516000.0
ACU,2013-06-30,False,Q2,2013,10-Q,28412000.0,3192000.0,2210000.0,0.7,0.68,0.08,74736000.0,65443000.0,14493000.0,8458000.0,33210000.0,-2576000.0,-513000.0,1794000.0,,,463000.0
ACU,2014-03-31,False,Q1,2014,10-Q,19152000.0,625000.0,368000.0,0.12,0.11,0.08,61781000.0,50210000.0,9179000.0,3367000.0,35039000.0,-1605000.0,-790000.0,-5882000.0,,,762000.0
ACU,2013-12-31,False,FY,2013,10-K,89576777.0,5879096.0,4002905.0,1.26,1.22,0.31,68078979.0,56985606.0,9875950.0,11643764.0,35005245.0,6475466.0,-2967181.0,-1607214.0,,,4591929.0
ACU,2013-03-31,False,Q1,2013,10-Q,17651000.0,513000.0,309000.0,0.1,0.1,0.07,65494000.0,56212000.0,9178000.0,8941000.0,30902000.0,-869000.0,-181000.0,232000.0,,,155000.0
ACU,2014-06-30,False,Q2,2014,10-Q,33396000.0,3738000.0,2542000.0,0.79,0.72,0.08,87987000.0,66075000.0,18385000.0,2426000.0,37838000.0,-3189000.0,-14118000.0,8074000.0,,,1022000.0
ACU,2014-09-30,False,Q3,2014,10-Q,30008000.0,1930000.0,1189000.0,0.37,0.34,0.09,84943000.0,63121000.0,14641000.0,5814000.0,39151000.0,1336000.0,-14571000.0,7555000.0,,1340000.0,1419000.0
ACU,2013-09-30,False,Q3,2013,10-Q,22135000.0,1409000.0,959000.0,0.3,0.29,0.08,70738000.0,60461000.0,10283000.0,11809000.0,34452000.0,3061000.0,-1734000.0,746000.0,,,3394000.0
ACU,2015-12-31,False,FY,2015,10-K,109812000.0,7347006.0,4793525.0,1.44,1.3,0.37,81421366.0,59633487.0,11936753.0,2425891.0,43183561.0,1079738.0,-1913629.0,1136049.0,25912652.0,1406000.0,1756732.0
ACU,2015-06-30,False,Q2,2015,10-Q,33954000.0,3875000.0,2710000.0,0.82,0.74,0.09,89421000.0,67705000.0,16371000.0,1941000.0,42535000.0,-5583000.0,-870000.0,6113000.0,30179000.0,1375000.0,867000.0
ACU,2015-03-31,False,Q1,2015,10-Q,22837000.0,827000.0,436000.0,0.13,0.12,0.09,78800000.0,56919000.0,11468000.0,1797000.0,39466000.0,-3281000.0,-574000.0,3429000.0,27551000.0,1375000.0,574000.0
ACU,2015-09-30,False,Q3,2015,10-Q,29903000.0,1991000.0,1208000.0,0.36,0.33,0.09,86585000.0,64877000.0,13965000.0,4621000.0,43707000.0,-689000.0,-1399000.0,4486000.0,28551000.0,1375000.0,1352000.0
ACU,2014-12-31,False,FY,2014,10-K,107222306.0,7394461.0,4789005.0,1.48,1.36,0.34,79308086.0,57511406.0,15363180.0,2285660.0,39428056.0,4649020.0,-15193423.0,1309673.0,24146841.0,1375000.0,2042173.0
ACU,2016-03-31,False,Q1,2016,10-Q,25288000.0,955000.0,565000.0,0.17,0.16,0.1,88290000.0,60876000.0,9133000.0,1474000.0,43145000.0,-2355000.0,-7430000.0,8823000.0,35696000.0,1406000.0,449000.0
ACU,2017-06-30,False,Q2,2017,10-Q,38849000.0,3889000.0,2846000.0,0.85,0.75,0.11,109362000.0,76345000.0,12713000.0,5674000.0,49348000.0,-4659000.0,-8833000.0,13240000.0,46956000.0,3948000.0,1600000.0
ACU,2017-03-31,False,Q1,2017,10-Q,27745000.0,1192000.0,659000.0,0.2,0.18,0.1,100204000.0,67589000.0,8935000.0,6175000.0,46603000.0,-3052000.0,-7737000.0,11059000.0,44382000.0,3948000.0,504000.0
ACU,2016-12-31,False,FY,2016,10-K,124574000.0,8442056.0,5850998.0,1.76,1.64,0.4,92066092.0,65463194.0,12819748.0,5910770.0,46120346.0,8857211.0,-8810104.0,3470827.0,32935858.0,3948235.0,1809823.0
ACU,2016-09-30,False,Q3,2016,10-Q,31913000.0,2140000.0,1473000.0,0.44,0.4,0.1,99372000.0,72293000.0,13345000.0,6272000.0,45747000.0,1585000.0,-8320000.0,10576000.0,39706000.0,1406000.0,1320000.0
ACU,2016-06-30,False,Q2,2016,10-Q,40997000.0,4640000.0,3267000.0,0.98,0.91,0.1,104728000.0,77573000.0,18026000.0,2087000.0,45526000.0,-5622000.0,-7752000.0,13042000.0,40822000.0,4816000.0,752000.0
ACU,2017-12-31,False,FY,2017,10-K,130550000.0,7796053.0,4052479.0,1.21,1.09,0.43,114729806.0,77817645.0,16782971.0,9338269.0,49937993.0,4810876.0,-14379308.0,12909468.0,43450000.0,4696370.0,3146194.0
ACU,2017-09-30,False,Q3,2017,10-Q,33785000.0,1949000.0,1202000.0,0.36,0.32,0.11,110938000.0,77847000.0,13983000.0,7021000.0,50720000.0,-1196000.0,-9634000.0,11885000.0,45969000.0,3948000.0,2401000.0
ACU,2018-06-30,False,Q2,2018,10-Q,39751000.0,3625000.0,2436000.0,0.72,0.67,0.11,118578000.0,81440000.0,17612000.0,1894000.0,52224000.0,-5247000.0,-1819000.0,-250000.0,44318000.0,4696000.0,1819000.0
ACU,2018-03-31,False,Q1,2018,10-Q,31709000.0,1365000.0,764000.0,0.23,0.21,0.11,107246000.0,70217000.0,11153000.0,1065000.0,50492000.0,-4575000.0,-897000.0,-2833000.0,41100000.0,4696000.0,897000.0
