symbol,end_date,amend,period_focus,fiscal_year,doc_type,revenues,op_income,net_income,eps_basic,eps_diluted,dividend,assets,cur_assets,cur_liab,cash,equity,cash_flow_op,cash_flow_inv,cash_flow_fin,debt,goodwill,cap_ex
ADM,2011-09-30,False,Q1,2012,10-Q,21902000000.0,,460000000.0,0.68,0.68,0.16,41448000000.0,27279000000.0,14479000000.0,1320000000.0,18409000000.0,2087000000.0,-249000000.0,-1133000000.0,,607000000.0,443000000.0
ADM,2010-09-30,False,Q1,2011,10-Q,16799000000.0,,345000000.0,0.54,0.54,0.15,36036000000.0,22086000000.0,12235000000.0,862000000.0,15387000000.0,-871000000.0,-502000000.0,1189000000.0,,531000000.0,335000000.0
ADM,2010-12-31,False,Q2,2011,10-Q,20930000000.0,,732000000.0,1.15,1.14,0.15,42610000000.0,28357000000.0,18063000000.0,526000000.0,15904000000.0,-4083000000.0,-1141000000.0,4704000000.0,,587000000.0,645000000.0
ADM,2011-03-31,False,Q3,2011,10-Q,20077000000.0,,578000000.0,0.91,0.86,0.16,43763000000.0,29252000000.0,16863000000.0,858000000.0,16680000000.0,-4749000000.0,-1587000000.0,6148000000.0,,594000000.0,913000000.0
ADM,2010-03-31,False,Q3,2010,10-Q,15145000000.0,,421000000.0,0.65,0.65,0.15,32326000000.0,19200000000.0,9236000000.0,1659000000.0,14769000000.0,2775000000.0,-1213000000.0,-958000000.0,,519000000.0,1230000000.0
ADM,2018-12-31,False,FY,2018,10-K,64341000000.0,,1810000000.0,3.21,3.19,1.34,40833000000.0,20588000000.0,11776000000.0,1997000000.0,18996000000.0,-4784000000.0,6582000000.0,187000000.0,8280000000.0,2496000000.0,842000000.0
ADM,2011-12-31,False,Q2,2012,10-Q,23306000000.0,,80000000.0,0.12,0.12,0.175,41516000000.0,27224000000.0,14829000000.0,864000000.0,18165000000.0,3041000000.0,-934000000.0,-1858000000.0,,591000000.0,852000000.0
ADM,2011-06-30,False,FY,2011,10-K,80676000000.0,,2036000000.0,3.17,3.13,0.62,42193000000.0,27504000000.0,13218000000.0,615000000.0,18838000000.0,-2340000000.0,-1675000000.0,3584000000.0,8444000000.0,602000000.0,1247000000.0
ADM,2010-06-30,False,FY,2010,10-K,61682000000.0,,1930000000.0,3.0,3.0,0.58,31548000000.0,18134000000.0,8573000000.0,1046000000.0,14631000000.0,2684000000.0,-1665000000.0,-1028000000.0,7174000000.0,523000000.0,1607000000.0
ADM,2013-06-30,False,Q2,2013,10-Q,22541000000.0,,223000000.0,0.34,0.34,0.19,40238000000.0,25036000000.0,13123000000.0,1848000000.0,19013000000.0,2348000000.0,58000000.0,-2272000000.0,,545000000.0,442000000.0
ADM,2012-03-31,False,Q3,2012,10-Q,21155000000.0,,399000000.0,0.6,0.6,0.175,41858000000.0,27215000000.0,14794000000.0,818000000.0,18551000000.0,2258000000.0,-1097000000.0,-958000000.0,,596000000.0,1193000000.0
ADM,2012-06-30,False,FY,2012,10-K,89038000000.0,,1223000000.0,1.84,1.84,0.685,41553000000.0,26954000000.0,14626000000.0,1291000000.0,18169000000.0,2895000000.0,-1122000000.0,-1097000000.0,8212000000.0,603000000.0,1477000000.0
ADM,2009-09-30,False,Q1,2010,10-Q,14921000000.0,,496000000.0,0.77,0.77,0.14,31861000000.0,19155000000.0,8547000000.0,2390000000.0,14243000000.0,1992000000.0,-429000000.0,-228000000.0,,531000000.0,497000000.0
ADM,2009-12-31,False,Q2,2010,10-Q,15913000000.0,,567000000.0,0.88,0.88,0.14,33529000000.0,20388000000.0,9600000000.0,1317000000.0,14795000000.0,1380000000.0,-780000000.0,-338000000.0,,524000000.0,939000000.0
ADM,2013-09-30,False,Q3,2013,10-Q,21393000000.0,,476000000.0,0.72,0.72,0.19,41448000000.0,26090000000.0,13753000000.0,3252000000.0,19566000000.0,4869000000.0,-174000000.0,-3157000000.0,,552000000.0,659000000.0
ADM,2014-03-31,False,Q1,2014,10-Q,20696000000.0,,267000000.0,0.4,0.4,0.24,41444000000.0,26226000000.0,13456000000.0,1083000000.0,20062000000.0,-358000000.0,-145000000.0,-1535000000.0,,758000000.0,188000000.0
ADM,2014-09-30,False,Q3,2014,10-Q,18117000000.0,,747000000.0,1.15,1.14,0.24,41821000000.0,26639000000.0,13751000000.0,4539000000.0,20261000000.0,4424000000.0,-420000000.0,-2586000000.0,,732000000.0,605000000.0
ADM,2014-06-30,False,Q2,2014,10-Q,21494000000.0,,533000000.0,0.81,0.81,0.24,39930000000.0,24658000000.0,11891000000.0,1630000000.0,20219000000.0,983000000.0,-257000000.0,-2217000000.0,,753000000.0,398000000.0
ADM,2015-03-31,False,Q1,2015,10-Q,17506000000.0,,493000000.0,0.78,0.77,0.28,41715000000.0,23896000000.0,14235000000.0,890000000.0,18757000000.0,45000000.0,-261000000.0,7000000.0,,3124000000.0,244000000.0
ADM,2016-03-31,False,Q1,2016,10-Q,14384000000.0,,230000000.0,0.39,0.39,0.3,39681000000.0,20970000000.0,12867000000.0,706000000.0,17913000000.0,23000000.0,-448000000.0,221000000.0,,40000000.0,180000000.0
ADM,2013-12-31,False,FY,2013,10-K,89804000000.0,,1342000000.0,2.03,2.02,0.76,43752000000.0,28530000000.0,15658000000.0,3121000000.0,20194000000.0,5226000000.0,-577000000.0,-3242000000.0,6512000000.0,562000000.0,913000000.0
ADM,2014-12-31,False,FY,2014,10-K,81201000000.0,,2248000000.0,3.44,3.43,0.96,44027000000.0,26028000000.0,15602000000.0,1099000000.0,19630000000.0,4962000000.0,-3407000000.0,-3577000000.0,5582000000.0,1720000000.0,894000000.0
ADM,2016-09-30,False,Q3,2016,10-Q,15832000000.0,,341000000.0,0.58,0.58,0.3,39853000000.0,20543000000.0,12737000000.0,701000000.0,17556000000.0,1156000000.0,-1231000000.0,-134000000.0,,70000000.0,621000000.0
ADM,2016-06-30,False,Q2,2016,10-Q,15629000000.0,,284000000.0,0.48,0.48,0.3,40098000000.0,20867000000.0,13778000000.0,334000000.0,17669000000.0,-366000000.0,-813000000.0,603000000.0,,64000000.0,396000000.0
ADM,2017-03-31,False,Q1,2017,10-Q,14988000000.0,,339000000.0,0.59,0.59,0.32,39630000000.0,20486000000.0,13602000000.0,476000000.0,17129000000.0,409000000.0,-381000000.0,-180000000.0,,17000000.0,200000000.0
ADM,2015-12-31,False,FY,2015,10-K,67702000000.0,,1849000000.0,2.99,2.98,1.12,40157000000.0,21829000000.0,13505000000.0,910000000.0,17915000000.0,2481000000.0,-21000000.0,-2649000000.0,5791000000.0,2185000000.0,1125000000.0
ADM,2017-06-30,False,Q2,2017,10-Q,14943000000.0,,276000000.0,0.48,0.48,0.32,37817000000.0,18201000000.0,11421000000.0,433000000.0,17418000000.0,1314000000.0,-566000000.0,-939000000.0,,21000000.0,452000000.0
ADM,2016-12-31,False,FY,2016,10-K,62346000000.0,,1279000000.0,2.18,2.16,1.2,39769000000.0,21045000000.0,13173000000.0,619000000.0,17181000000.0,1475000000.0,-1211000000.0,-579000000.0,6777000000.0,2246000000.0,882000000.0
ADM,2015-09-30,False,Q3,2015,10-Q,16565000000.0,,252000000.0,0.41,0.41,0.28,40877000000.0,23045000000.0,14130000000.0,720000000.0,17878000000.0,1098000000.0,-307000000.0,-1170000000.0,,3213000000.0,819000000.0
ADM,2015-06-30,False,Q2,2015,10-Q,17186000000.0,,386000000.0,0.62,0.62,0.28,40568000000.0,22588000000.0,12859000000.0,867000000.0,18558000000.0,407000000.0,-407000000.0,-232000000.0,,3256000000.0,540000000.0
ADM,2017-09-30,False,Q3,2017,10-Q,14827000000.0,,192000000.0,0.34,0.34,0.32,38969000000.0,19140000000.0,11873000000.0,518000000.0,17577000000.0,2155000000.0,-933000000.0,-989000000.0,,34000000.0,696000000.0
ADM,2018-03-31,False,Q1,2018,10-Q,15526000000.0,,393000000.0,0.7,0.7,0.335,41100000000.0,20906000000.0,13285000000.0,797000000.0,18737000000.0,-3574000000.0,2180000000.0,1277000000.0,,3970000000.0,196000000.0
ADM,2017-12-31,False,FY,2017,10-K,60828000000.0,,1595000000.0,2.8,2.79,1.28,39963000000.0,19925000000.0,12570000000.0,804000000.0,18322000000.0,2211000000.0,-886000000.0,-1028000000.0,6636000000.0,2374000000.0,1049000000.0
ADM,2018-06-30,False,Q2,2018,10-Q,17068000000.0,,566000000.0,1.0,1.0,0.335,38755000000.0,18647000000.0,11718000000.0,851000000.0,18712000000.0,-3179000000.0,3548000000.0,-176000000.0,,3834000000.0,379000000.0
ADM,2018-09-30,False,Q3,2018,10-Q,15800000000.0,,536000000.0,0.95,0.94,0.335,39664000000.0,19465000000.0,11648000000.0,915000000.0,19000000000.0,-3680000000.0,4575000000.0,-104000000.0,,165000000.0,555000000.0
