symbol,end_date,amend,period_focus,fiscal_year,doc_type,revenues,op_income,net_income,eps_basic,eps_diluted,dividend,assets,cur_assets,cur_liab,cash,equity,cash_flow_op,cash_flow_inv,cash_flow_fin,debt,goodwill,cap_ex
ADOM,2018-12-31,False,FY,2018,10-K,5011000.0,-11375000.0,-11048000.0,-0.15,-0.15,0.0,10833000.0,10180000.0,3010000.0,3759000.0,7604000.0,-4511000.0,-3705000.0,9529000.0,,,79000.0
ADOM,2017-09-30,False,Q3,2017,10-Q,,-11803000.0,-11967000.0,-0.18,-0.18,0.0,7005000.0,6374000.0,3759000.0,4475000.0,3246000.0,-4656000.0,-594000.0,8787000.0,3195325.0,,94000.0
ADOM,2018-06-30,False,Q2,2018,10-Q,744000.0,-4335000.0,-4184000.0,-0.06,-0.06,0.0,13168000.0,12665000.0,3212000.0,7670000.0,9703000.0,-4316000.0,-67000.0,9607000.0,1800000.0,,67000.0
ADOM,2017-12-31,False,FY,2017,10-K,425000.0,-21598000.0,-21903000.0,-0.33,-0.33,0.0,5322000.0,4449000.0,2693000.0,2446000.0,2340000.0,-5578000.0,-614000.0,7700000.0,2149000.0,,114000.0
ADOM,2018-09-30,False,Q3,2018,10-Q,2619000.0,-1525000.0,-1481000.0,-0.02,-0.02,0.0,11908000.0,11230000.0,3111000.0,7811000.0,8561000.0,-4093000.0,229000.0,9229000.0,,,71000.0
ADOM,2018-03-31,False,Q1,2018,10-Q,479000.0,-4135000.0,-4077000.0,-0.06,-0.06,0.0,12381000.0,11531000.0,1080000.0,8199000.0,11030000.0,-1974000.0,-3000.0,7730000.0,,,3000.0
ADOM,2017-06-30,False,Q2,2017,10-Q,,-7953000.0,-8078000.0,-0.12,-0.12,0.0,9193000.0,8505000.0,4589000.0,6868000.0,4604000.0,-3408000.0,-534000.0,9872000.0,4245325.0,,34000.0
ADOM,2017-03-31,False,Q1,2017,10-Q,,-1375000.0,-1566000.0,-0.02,-0.02,0.0,3182000.0,2491000.0,6123000.0,464000.0,-2941000.0,-741000.0,-35000.0,302000.0,5724492.0,,35000.0
