symbol,end_date,amend,period_focus,fiscal_year,doc_type,revenues,op_income,net_income,eps_basic,eps_diluted,dividend,assets,cur_assets,cur_liab,cash,equity,cash_flow_op,cash_flow_inv,cash_flow_fin,debt,goodwill,cap_ex
ADS,2011-12-31,False,FY,2011,10-K,3173287000.0,812680000.0,315286000.0,6.22,5.45,0.0,8980249000.0,6606967000.0,3855171000.0,216213000.0,175966000.0,1011347000.0,-1040710000.0,109250000.0,2183474000.0,1449363000.0,73502000.0
ADS,2011-03-31,False,Q1,2011,10-Q,740436000.0,211908000.0,86376000.0,1.69,1.56,0.0,8029450000.0,5779964000.0,4227629000.0,300362000.0,50993000.0,210388000.0,258659000.0,-307638000.0,,1228982000.0,18631000.0
ADS,2010-09-30,False,Q3,2010,10-Q,702443000.0,170009000.0,53059000.0,1.01,0.96,0.0,8130496000.0,6023563000.0,2962266000.0,391226000.0,45767000.0,693504000.0,164155000.0,-759336000.0,,1214569000.0,48296000.0
ADS,2010-06-30,False,Q2,2010,10-Q,669718000.0,160380000.0,47320000.0,0.89,0.83,0.0,8046634000.0,5931872000.0,2237649000.0,250335000.0,34789000.0,446495000.0,184911000.0,-674300000.0,,1161953000.0,31512000.0
ADS,2012-03-31,False,Q1,2012,10-Q,891569000.0,252619000.0,115229000.0,2.3,1.86,0.0,8902316000.0,6529566000.0,3532663000.0,399044000.0,293573000.0,239623000.0,134835000.0,-192900000.0,1010595000.0,1455084000.0,31366000.0
ADS,2011-06-30,False,Q2,2011,10-Q,740458000.0,191791000.0,69023000.0,1.35,1.19,0.0,8548447000.0,5877484000.0,3338907000.0,232821000.0,87131000.0,406943000.0,-276383000.0,-37845000.0,3306886000.0,1462716000.0,33935000.0
ADS,2011-09-30,False,Q3,2011,10-Q,844844000.0,227679000.0,93981000.0,1.86,1.6,0.0,8769920000.0,5901318000.0,3981950000.0,239570000.0,146015000.0,762500000.0,-741810000.0,84260000.0,3083287000.0,1442696000.0,48536000.0
ADS,2018-12-31,False,FY,2018,10-K,7791200000.0,1894300000.0,963100000.0,17.56,17.49,2.28,30387700000.0,24711700000.0,11484000000.0,3863100000.0,2332100000.0,2754900000.0,-1872000000.0,-1217900000.0,5737900000.0,3841000000.0,199800000.0
ADS,2012-09-30,False,Q3,2012,10-Q,911492000.0,264471000.0,119545000.0,2.39,1.84,0.0,10412304000.0,8019605000.0,4800252000.0,766317000.0,492486000.0,862061000.0,-1188557000.0,869829000.0,1051760000.0,1458700000.0,77340000.0
ADS,2012-06-30,False,Q2,2012,10-Q,866485000.0,240543000.0,103821000.0,2.07,1.63,0.0,9826914000.0,7477468000.0,3898685000.0,642199000.0,360992000.0,417438000.0,-612981000.0,621774000.0,1030895000.0,1450284000.0,55541000.0
ADS,2013-03-31,False,Q1,2013,10-Q,1053437000.0,291225000.0,128979000.0,2.59,1.92,0.0,11926511000.0,9087826000.0,5051730000.0,764149000.0,604526000.0,279002000.0,-257888000.0,-147290000.0,1094900000.0,1743683000.0,28282000.0
ADS,2010-12-31,False,FY,2010,10-K,2791421000.0,629220000.0,193737000.0,3.69,3.48,0.0,8272152000.0,6129535000.0,3862188000.0,139114000.0,23094000.0,902709000.0,-340784000.0,-715675000.0,,1221823000.0,68755000.0
ADS,2013-09-30,False,Q3,2013,10-Q,1096447000.0,288768000.0,132878000.0,2.73,2.01,0.0,11964663000.0,9110360000.0,3504255000.0,784042000.0,711419000.0,798838000.0,-374333000.0,-528795000.0,325500000.0,1741979000.0,91759000.0
ADS,2012-12-31,False,FY,2012,10-K,3641390000.0,974364000.0,422256000.0,8.44,6.58,0.0,12000139000.0,9132143000.0,5032777000.0,893352000.0,528487000.0,1134190000.0,-2671350000.0,2209019000.0,2854839000.0,1751053000.0,116455000.0
ADS,2013-06-30,False,Q2,2013,10-Q,1028092000.0,269180000.0,116440000.0,2.37,1.71,0.0,11867312000.0,9057972000.0,4484960000.0,749821000.0,580848000.0,530465000.0,-331726000.0,-334305000.0,1085500000.0,1736054000.0,58995000.0
ADS,2014-06-30,False,Q2,2014,10-Q,1265158000.0,282540000.0,137444000.0,2.54,2.19,0.0,14214898000.0,10344932000.0,4398934000.0,631167000.0,947321000.0,587798000.0,-652142000.0,-273039000.0,,2301305000.0,77260000.0
ADS,2014-03-31,False,Q1,2014,10-Q,1232900000.0,281792000.0,137395000.0,2.59,2.08,0.0,13757270000.0,9938025000.0,3965252000.0,706642000.0,949909000.0,333111000.0,-350000.0,-592379000.0,319300000.0,2296349000.0,43488000.0
ADS,2014-12-31,False,FY,2014,10-K,5302940000.0,1098467000.0,506293000.0,8.72,7.87,0.0,20263977000.0,13814776000.0,6305483000.0,1077152000.0,2396380000.0,1344159000.0,-4737121000.0,3516146000.0,4773541000.0,3865484000.0,158694000.0
ADS,2013-12-31,False,FY,2013,10-K,4319063000.0,1098912000.0,496170000.0,10.09,7.42,0.0,13244257000.0,10400842000.0,4512498000.0,969822000.0,855761000.0,1003492000.0,-1619416000.0,704152000.0,2800281000.0,1735703000.0,135376000.0
ADS,2014-09-30,False,Q3,2014,10-Q,1319133000.0,321641000.0,164242000.0,2.84,2.74,0.0,15193275000.0,11401425000.0,5370177000.0,634824000.0,1080671000.0,967979000.0,-1862835000.0,564763000.0,700000000.0,2245782000.0,114595000.0
ADS,2015-03-31,False,Q1,2015,10-Q,1601157000.0,324544000.0,162559000.0,2.34,2.32,0.0,19052486000.0,12777584000.0,6141031000.0,760398000.0,1911428000.0,174707000.0,337270000.0,-811730000.0,,3790766000.0,42439000.0
ADS,2015-09-30,False,Q3,2015,10-Q,1589117000.0,287511000.0,128430000.0,2.09,2.08,0.0,20300674000.0,14097713000.0,5972359000.0,977341000.0,1947885000.0,1031232000.0,-1102969000.0,-7144000.0,,3835419000.0,140091000.0
ADS,2015-12-31,False,FY,2015,10-K,6439746000.0,1261860000.0,596541000.0,8.91,8.85,0.0,22421830000.0,16250417000.0,6405559000.0,1168037000.0,2010030000.0,1705841000.0,-3362548000.0,1772901000.0,5062501000.0,3814078000.0,191683000.0
ADS,2015-06-30,False,Q2,2015,10-Q,1500618000.0,285723000.0,131337000.0,2.12,2.11,0.0,19547442000.0,13357108000.0,6073751000.0,822314000.0,1959153000.0,563820000.0,-339328000.0,-463048000.0,,3811689000.0,88085000.0
ADS,2016-06-30,False,Q2,2016,10-Q,1748800000.0,320600000.0,140700000.0,1.24,1.24,0.0,22771200000.0,16689100000.0,7473400000.0,1316500000.0,1729700000.0,731100000.0,-1168800000.0,580300000.0,43300000.0,3835100000.0,107600000.0
ADS,2016-03-31,False,Q1,2016,10-Q,1676100000.0,344300000.0,157100000.0,2.36,2.35,0.0,22399100000.0,16230200000.0,6643100000.0,970000000.0,1741200000.0,257400000.0,-747700000.0,286400000.0,,3847600000.0,54900000.0
ADS,2017-09-30,False,Q3,2017,10-Q,1912400000.0,478900000.0,233200000.0,4.21,4.2,0.52,27894100000.0,21969300000.0,10392400000.0,3326000000.0,1593600000.0,1779600000.0,-2038100000.0,1723100000.0,27500000.0,3873400000.0,176600000.0
ADS,2017-06-30,False,Q2,2017,10-Q,1821800000.0,351400000.0,137700000.0,2.48,2.47,0.52,25728300000.0,19839100000.0,8804600000.0,1945900000.0,1424800000.0,1034400000.0,-1021000000.0,73100000.0,27000000.0,3848400000.0,116800000.0
ADS,2017-03-31,False,Q1,2017,10-Q,1879000000.0,352400000.0,146400000.0,2.6,2.58,0.52,24642700000.0,18783000000.0,9004400000.0,1866800000.0,1363500000.0,487500000.0,281000000.0,-762900000.0,47300000.0,3808600000.0,46600000.0
ADS,2017-12-31,False,FY,2017,10-K,7719400000.0,1645500000.0,788700000.0,14.17,14.1,2.08,30684800000.0,24705600000.0,10146700000.0,4190000000.0,1855300000.0,2609600000.0,-4288500000.0,4004900000.0,6079600000.0,3880100000.0,225400000.0
ADS,2016-12-31,False,FY,2016,10-K,7138100000.0,1265500000.0,515800000.0,7.37,7.34,0.0,25514100000.0,19589300000.0,9229500000.0,1859200000.0,1658200000.0,2088400000.0,-4063000000.0,2663400000.0,5601400000.0,3800700000.0,207000000.0
ADS,2018-06-30,False,Q2,2018,10-Q,1903900000.0,420300000.0,217800000.0,3.94,3.93,0.57,28950900000.0,23081500000.0,10768700000.0,3449200000.0,2119300000.0,1321800000.0,-236200000.0,-1869000000.0,23200000.0,3857800000.0,98500000.0
ADS,2018-03-31,False,Q1,2018,10-Q,1884200000.0,377800000.0,163900000.0,2.96,2.95,0.57,29392900000.0,23470500000.0,10985500000.0,3549500000.0,2001400000.0,649900000.0,392900000.0,-1213800000.0,2900000000.0,3890600000.0,44700000.0
ADS,2016-09-30,False,Q3,2016,10-Q,1885600000.0,421000000.0,207500000.0,3.56,3.55,0.0,23639800000.0,17601800000.0,7440200000.0,1500500000.0,1783800000.0,1329000000.0,-2151600000.0,1150600000.0,34900000.0,3837800000.0,158300000.0
ADS,2018-09-30,False,Q3,2018,10-Q,1947200000.0,522000000.0,296500000.0,5.41,5.39,0.57,29763000000.0,23955800000.0,9959400000.0,3600900000.0,2291200000.0,2025400000.0,-860700000.0,-1506000000.0,47300000.0,3857400000.0,149300000.0
