symbol,end_date,amend,period_focus,fiscal_year,doc_type,revenues,op_income,net_income,eps_basic,eps_diluted,dividend,assets,cur_assets,cur_liab,cash,equity,cash_flow_op,cash_flow_inv,cash_flow_fin,debt,goodwill,cap_ex
AEHR,2011-11-30,False,Q2,2012,10-Q,3860000.0,-1439000.0,-1373000.0,-0.15,-0.15,0.0,11908000.0,11024000.0,3318000.0,3126000.0,8253000.0,-2419000.0,1357000.0,114000.0,,,-18000.0
AEHR,2018-11-30,False,Q2,2019,10-Q,5911000.0,-565000.0,-629000.0,-0.03,-0.03,0.0,29901000.0,28541000.0,11618000.0,14002000.0,17884000.0,-2957000.0,-103000.0,312000.0,,,103000.0
AEHR,2012-02-29,False,Q3,2012,10-Q,2855000.0,-1350000.0,-1361000.0,-0.15,-0.15,0.0,10456000.0,9697000.0,3082000.0,2975000.0,7050000.0,-3206000.0,1355000.0,830000.0,716000.0,,20000.0
AEHR,2012-05-31,False,FY,2012,10-K,15521000.0,-4507000.0,-3389000.0,-0.38,-0.38,0.0,11613000.0,10928000.0,4855000.0,2073000.0,6454000.0,-4875000.0,1330000.0,1576000.0,1408000.0,,45000.0
AEHR,2011-08-31,False,Q1,2012,10-Q,4130000.0,-881000.0,124000.0,0.01,0.01,0.0,12946000.0,11941000.0,3133000.0,3892000.0,9424000.0,-1620000.0,1368000.0,0.0,,,-7000.0
AEHR,2013-02-28,False,Q3,2013,10-Q,3340000.0,-1431000.0,-1458000.0,-0.16,-0.16,0.0,9415000.0,8878000.0,4524000.0,1381000.0,4532000.0,-303000.0,-126000.0,-13000.0,1215000.0,,126000.0
AEHR,2012-08-31,False,Q1,2013,10-Q,4832000.0,-263000.0,-296000.0,-0.03,-0.03,0.0,12108000.0,11495000.0,5426000.0,1901000.0,6409000.0,-272000.0,-16000.0,111000.0,1452000.0,,16000.0
AEHR,2012-11-30,False,Q2,2013,10-Q,5054000.0,-767000.0,-811000.0,-0.09,-0.09,0.0,11452000.0,10925000.0,5351000.0,1192000.0,5845000.0,-1229000.0,-21000.0,457000.0,1685000.0,,21000.0
AEHR,2013-08-31,False,Q1,2014,10-Q,3752000.0,-157000.0,-166000.0,-0.02,-0.02,0.0,11444000.0,11120000.0,6200000.0,2435000.0,5052000.0,172000.0,-6000.0,-95000.0,947000.0,,6000.0
AEHR,2013-05-31,False,FY,2013,10-K,16488000.0,-3307000.0,-3419000.0,-0.36,-0.36,0.0,10975000.0,10522000.0,5701000.0,2324000.0,4994000.0,-310000.0,-127000.0,1065000.0,1101000.0,,127000.0
AEHR,2013-11-30,False,Q2,2014,10-Q,4950000.0,179000.0,137000.0,0.01,0.01,0.0,11626000.0,11299000.0,5651000.0,2494000.0,5823000.0,435000.0,-52000.0,-202000.0,476000.0,,52000.0
AEHR,2015-02-28,False,Q3,2015,10-Q,2027000.0,-1763000.0,-1726000.0,-0.14,-0.14,0.0,10749000.0,10153000.0,4833000.0,2274000.0,5908000.0,-1640000.0,-106000.0,2465000.0,115000.0,,106000.0
AEHR,2014-11-30,False,Q2,2015,10-Q,2615000.0,-2147000.0,-2114000.0,-0.18,-0.18,0.0,11974000.0,11342000.0,4472000.0,3596000.0,7494000.0,-843000.0,-105000.0,2954000.0,642000.0,,105000.0
AEHR,2014-08-31,False,Q1,2015,10-Q,3558000.0,-973000.0,-907000.0,-0.08,-0.08,0.0,11415000.0,10828000.0,4782000.0,2075000.0,6625000.0,-218000.0,-21000.0,538000.0,1000000.0,,21000.0
AEHR,2015-11-30,False,Q2,2016,10-Q,4620000.0,-945000.0,-1048000.0,-0.08,-0.08,0.0,12948000.0,12279000.0,4181000.0,1955000.0,4767000.0,-3853000.0,-169000.0,460000.0,3873000.0,,169000.0
AEHR,2015-05-31,False,FY,2015,10-K,10018000.0,-6694000.0,-6647000.0,-0.55,-0.55,0.0,14868000.0,14295000.0,6519000.0,5527000.0,4550000.0,-2256000.0,-118000.0,6412000.0,3791000.0,,118000.0
AEHR,2014-02-28,False,Q3,2014,10-Q,5612000.0,262000.0,212000.0,0.02,0.02,0.0,11943000.0,11554000.0,5463000.0,1846000.0,6363000.0,-169000.0,-104000.0,-193000.0,406000.0,,154000.0
AEHR,2017-02-28,False,Q3,2017,10-Q,2681000.0,-2469000.0,-2651000.0,-0.16,-0.16,0.0,12153000.0,11196000.0,4730000.0,2039000.0,1296000.0,-4468000.0,-219000.0,5809000.0,6095000.0,,219000.0
AEHR,2014-05-31,False,FY,2014,10-K,19684000.0,497000.0,422000.0,0.04,0.04,0.0,12225000.0,11673000.0,5117000.0,1809000.0,7029000.0,-607000.0,-289000.0,391000.0,777000.0,,339000.0
AEHR,2015-08-31,False,Q1,2016,10-Q,6633000.0,476000.0,294000.0,0.02,0.02,0.0,14563000.0,14004000.0,5224000.0,3653000.0,5384000.0,-2096000.0,-21000.0,223000.0,3828000.0,,21000.0
AEHR,2017-11-30,False,Q2,2018,10-Q,7923000.0,187000.0,60000.0,0.0,0.0,0.0,31001000.0,29741000.0,6538000.0,9959000.0,18102000.0,-2153000.0,-6285000.0,601000.0,6110000.0,,313000.0
AEHR,2016-08-31,False,Q1,2017,10-Q,5318000.0,-570000.0,-755000.0,-0.06,-0.06,0.0,11336000.0,10452000.0,6002000.0,2342000.0,-735000.0,1244000.0,-21000.0,94000.0,6006000.0,,21000.0
AEHR,2017-05-31,False,FY,2017,10-K,18898000.0,-4929000.0,-5653000.0,-0.35,-0.35,0.0,30892000.0,29378000.0,7884000.0,17803000.0,16794000.0,-4495000.0,-477000.0,21835000.0,6110000.0,,477000.0
AEHR,2016-05-31,False,FY,2016,10-K,14501000.0,-6154000.0,-6785000.0,-0.52,-0.52,0.0,10046000.0,8748000.0,4680000.0,939000.0,-723000.0,-6281000.0,-919000.0,2506000.0,5962000.0,,919000.0
AEHR,2016-11-30,False,Q2,2017,10-Q,4216000.0,-1284000.0,-1452000.0,-0.09,-0.09,0.0,13930000.0,13042000.0,4191000.0,5154000.0,3641000.0,-1416000.0,-88000.0,5762000.0,6051000.0,,88000.0
AEHR,2017-08-31,False,Q1,2018,10-Q,6970000.0,172000.0,10000.0,0.0,0.0,0.0,31599000.0,30364000.0,8079000.0,13993000.0,17313000.0,-3877000.0,-184000.0,234000.0,6110000.0,,184000.0
AEHR,2018-02-28,False,Q3,2018,10-Q,7393000.0,307000.0,267000.0,0.01,0.01,0.0,31972000.0,30443000.0,6591000.0,9077000.0,18774000.0,-3096000.0,-6423000.0,727000.0,6110000.0,,458000.0
AEHR,2018-08-31,False,Q1,2019,10-Q,4740000.0,-1442000.0,-1515000.0,-0.07,-0.07,0.0,29888000.0,28448000.0,11264000.0,15864000.0,18120000.0,-971000.0,-84000.0,109000.0,,,84000.0
AEHR,2016-02-29,False,Q3,2016,10-Q,1677000.0,-2819000.0,-2975000.0,-0.23,-0.23,0.0,13439000.0,12094000.0,7367000.0,2472000.0,2028000.0,-4707000.0,-890000.0,2460000.0,3917000.0,,890000.0
AEHR,2018-05-31,False,FY,2018,10-K,29555000.0,915000.0,528000.0,0.02,0.02,0.0,30955000.0,29456000.0,11148000.0,16848000.0,19285000.0,-1351000.0,-572000.0,925000.0,0.0,,572000.0
