symbol,end_date,amend,period_focus,fiscal_year,doc_type,revenues,op_income,net_income,eps_basic,eps_diluted,dividend,assets,cur_assets,cur_liab,cash,equity,cash_flow_op,cash_flow_inv,cash_flow_fin,debt,goodwill,cap_ex
AGCO,2010-12-31,False,FY,2010,10-K,6896600000.0,324200000.0,220500000.0,2.38,2.29,0.0,5436900000.0,3121000000.0,1912900000.0,719900000.0,2659200000.0,438700000.0,-273100000.0,-109400000.0,,632700000.0,167100000.0
AGCO,2010-09-30,False,Q3,2010,10-Q,1657400000.0,75900000.0,62300000.0,0.67,0.65,0.0,5221700000.0,3008500000.0,1779500000.0,459200000.0,2529500000.0,4100000.0,-82300000.0,-145000000.0,,611900000.0,82800000.0
AGCO,2010-06-30,True,Q2,2010,10-Q,1743000000.0,96500000.0,62900000.0,0.68,0.66,0.0,4974800000.0,2933900000.0,1813500000.0,575000000.0,2311500000.0,13500000.0,-45000000.0,-25400000.0,,561200000.0,45300000.0
AGCO,2010-06-30,False,Q2,2010,10-Q,1743000000.0,96500000.0,62900000.0,0.68,0.66,0.0,4974800000.0,2933900000.0,1813500000.0,575000000.0,2311500000.0,13500000.0,-45000000.0,-25400000.0,,561200000.0,45300000.0
AGCO,2018-12-31,False,FY,2018,10-K,92600000.0,489000000.0,285500000.0,3.62,3.58,0.6,7626400000.0,3537400000.0,2766700000.0,326100000.0,2993500000.0,595900000.0,-205500000.0,-413300000.0,1459500000.0,1495500000.0,203300000.0
AGCO,2011-09-30,False,Q3,2011,10-Q,2099100000.0,114300000.0,84400000.0,0.88,0.87,0.0,5656600000.0,3222200000.0,1899200000.0,455200000.0,2852100000.0,270500000.0,-307900000.0,-211600000.0,535800000.0,665400000.0,187200000.0
AGCO,2011-06-30,False,Q2,2011,10-Q,2358600000.0,201600000.0,133700000.0,1.41,1.36,0.0,6209000000.0,3597900000.0,2169100000.0,573100000.0,3089600000.0,101500000.0,-230900000.0,-45300000.0,727600000.0,734800000.0,112400000.0
AGCO,2012-03-31,False,Q1,2012,10-Q,2273700000.0,169800000.0,120200000.0,1.24,1.21,0.0,7701800000.0,3981700000.0,2472300000.0,426700000.0,3225300000.0,-280500000.0,-122100000.0,93400000.0,1585100000.0,1238800000.0,87100000.0
AGCO,2011-12-31,False,FY,2011,10-K,8773200000.0,610300000.0,583300000.0,6.1,5.95,0.0,7257200000.0,3662800000.0,2205500000.0,724400000.0,3031200000.0,725900000.0,-1363700000.0,671000000.0,1469800000.0,1194500000.0,300400000.0
AGCO,2013-03-31,False,Q1,2013,10-Q,2403100000.0,177400000.0,118000000.0,1.22,1.19,0.1,7991500000.0,4272300000.0,2580800000.0,551700000.0,3543000000.0,-261300000.0,-92500000.0,141400000.0,1435000000.0,1178700000.0,94000000.0
AGCO,2012-09-30,False,Q3,2012,10-Q,2295000000.0,139600000.0,94500000.0,0.97,0.96,0.0,7521100000.0,3841500000.0,2139100000.0,321900000.0,3381100000.0,-33200000.0,-269400000.0,-99900000.0,1406700000.0,1191900000.0,235200000.0
AGCO,2013-06-30,False,Q2,2013,10-Q,3048200000.0,327100000.0,213700000.0,2.2,2.15,0.1,8235000000.0,4517000000.0,2775100000.0,680600000.0,3670300000.0,65000000.0,-172100000.0,53300000.0,1362300000.0,1163600000.0,174200000.0
AGCO,2012-06-30,False,Q2,2012,10-Q,2690100000.0,264900000.0,204900000.0,2.11,2.08,0.0,7631300000.0,4022200000.0,2262600000.0,393400000.0,3256000000.0,-188200000.0,-183300000.0,42400000.0,1527600000.0,1190200000.0,151100000.0
AGCO,2012-12-31,False,FY,2012,10-K,9962200000.0,693200000.0,522100000.0,5.38,5.3,0.0,7721800000.0,3954700000.0,2464800000.0,781300000.0,3481500000.0,666400000.0,-374700000.0,-241600000.0,1286800000.0,1192400000.0,340500000.0
AGCO,2014-06-30,False,Q2,2014,10-Q,2750300000.0,266700000.0,168200000.0,1.79,1.77,0.11,8469300000.0,4533600000.0,2790700000.0,323300000.0,4062400000.0,-254200000.0,-154100000.0,-323600000.0,1225100000.0,1190600000.0,155500000.0
AGCO,2014-03-31,False,Q1,2014,10-Q,2333400000.0,155700000.0,99600000.0,1.05,1.03,0.11,8319700000.0,4396900000.0,2786300000.0,193900000.0,3879600000.0,-511000000.0,-99900000.0,-252200000.0,1284600000.0,1187200000.0,101200000.0
AGCO,2015-03-31,False,Q1,2015,10-Q,1702600000.0,46800000.0,30100000.0,0.34,0.34,0.12,7264500000.0,3669800000.0,2080800000.0,338900000.0,3107800000.0,-286000000.0,-67700000.0,366900000.0,1507600000.0,1120100000.0,62900000.0
AGCO,2015-06-30,False,Q2,2015,10-Q,2069300000.0,149900000.0,107100000.0,1.22,1.22,0.12,7470400000.0,3789600000.0,2373300000.0,498200000.0,3213800000.0,28000000.0,-124300000.0,279900000.0,1515900000.0,1149300000.0,101300000.0
AGCO,2013-09-30,False,Q3,2013,10-Q,2475900000.0,199000000.0,126200000.0,1.3,1.27,0.1,8334000000.0,4503900000.0,2742000000.0,620500000.0,3867000000.0,169000000.0,-260900000.0,-44900000.0,1292100000.0,1176300000.0,263800000.0
AGCO,2014-09-30,False,Q3,2014,10-Q,2154800000.0,108700000.0,65000000.0,0.7,0.69,0.11,8113900000.0,4205400000.0,2363600000.0,320900000.0,3793300000.0,-215300000.0,-357500000.0,-141700000.0,1421200000.0,1226500000.0,229300000.0
AGCO,2013-12-31,False,FY,2013,10-K,10786900000.0,900700000.0,597200000.0,6.14,6.01,0.4,8438800000.0,4517100000.0,2812000000.0,1047200000.0,4044800000.0,797000000.0,-408700000.0,-106800000.0,1250200000.0,1178700000.0,391800000.0
AGCO,2014-12-31,False,FY,2014,10-K,9723700000.0,646500000.0,410400000.0,4.39,4.36,0.44,7395900000.0,3527900000.0,2216900000.0,363700000.0,3496900000.0,438400000.0,-432900000.0,-662000000.0,1091900000.0,1192800000.0,301500000.0
AGCO,2016-09-30,False,Q3,2016,10-Q,1761600000.0,59000000.0,40000000.0,0.5,0.5,0.13,7541000000.0,3429100000.0,2158000000.0,297800000.0,2961600000.0,-127400000.0,-528200000.0,511800000.0,1985300000.0,1416700000.0,132800000.0
AGCO,2016-03-31,False,Q1,2016,10-Q,1559300000.0,19400000.0,7800000.0,0.09,0.09,0.13,6976200000.0,3213100000.0,2263300000.0,247900000.0,2933400000.0,-348200000.0,-86100000.0,245900000.0,1578400000.0,1169200000.0,35700000.0
AGCO,2015-12-31,False,FY,2015,10-K,7467300000.0,361100000.0,266400000.0,3.06,3.06,0.48,6501300000.0,2898300000.0,2185400000.0,426700000.0,2883300000.0,524200000.0,-240800000.0,-153400000.0,1235000000.0,1114500000.0,211400000.0
AGCO,2015-09-30,False,Q3,2015,10-Q,1736400000.0,79100000.0,67100000.0,0.77,0.77,0.12,7071600000.0,3500500000.0,2212200000.0,425400000.0,2973500000.0,72200000.0,-176900000.0,236200000.0,1541000000.0,1123700000.0,147100000.0
AGCO,2017-06-30,False,Q2,2017,10-Q,2165200000.0,148400000.0,91500000.0,1.15,1.14,0.14,7692500000.0,3590400000.0,2359200000.0,317800000.0,2971400000.0,-66400000.0,-91500000.0,28800000.0,1862500000.0,1423000000.0,92300000.0
AGCO,2017-09-30,False,Q3,2017,10-Q,1986300000.0,97000000.0,60700000.0,0.76,0.76,0.14,8174400000.0,3839200000.0,2547800000.0,312700000.0,3093000000.0,-29200000.0,-325300000.0,210800000.0,2058200000.0,1514700000.0,139400000.0
AGCO,2018-03-31,False,Q1,2018,10-Q,2007500000.0,50500000.0,24300000.0,0.31,0.3,0.15,8448900000.0,4061300000.0,2715500000.0,348200000.0,3119400000.0,-361300000.0,-44200000.0,379300000.0,2118700000.0,1563800000.0,46100000.0
AGCO,2016-06-30,False,Q2,2016,10-Q,1995600000.0,118600000.0,50300000.0,0.61,0.61,0.13,7015900000.0,3306200000.0,2146100000.0,324700000.0,2982800000.0,-64600000.0,-121300000.0,70200000.0,1472400000.0,1176100000.0,72000000.0
AGCO,2016-12-31,False,FY,2016,10-K,7410500000.0,288400000.0,160100000.0,1.97,1.96,0.52,7168400000.0,3165700000.0,2144900000.0,429700000.0,2837200000.0,369500000.0,-598300000.0,236400000.0,1695400000.0,1376400000.0,201000000.0
AGCO,2018-06-30,False,Q2,2018,10-Q,2537600000.0,168100000.0,91400000.0,1.15,1.14,0.15,8024100000.0,3843900000.0,2700500000.0,280600000.0,2998100000.0,-204300000.0,-92900000.0,220500000.0,1745900000.0,1503700000.0,89800000.0
AGCO,2017-12-31,False,FY,2017,10-K,8306500000.0,403300000.0,186400000.0,2.34,2.32,0.56,7971700000.0,3627700000.0,2650600000.0,367700000.0,3095300000.0,577600000.0,-493700000.0,-176700000.0,1713500000.0,1541400000.0,203900000.0
AGCO,2017-03-31,False,Q1,2017,10-Q,1627600000.0,15600000.0,-10100000.0,-0.13,-0.13,0.14,7394600000.0,3359500000.0,2165200000.0,289900000.0,2876000000.0,-251400000.0,-57100000.0,162700000.0,1889300000.0,1388000000.0,57100000.0
AGCO,2018-09-30,False,Q3,2018,10-Q,2214700000.0,111300000.0,71100000.0,0.9,0.89,0.15,7917100000.0,3789000000.0,2659100000.0,292700000.0,2968900000.0,-4000000.0,-141300000.0,92000000.0,1704800000.0,1494400000.0,138500000.0
