symbol,end_date,amend,period_focus,fiscal_year,doc_type,revenues,op_income,net_income,eps_basic,eps_diluted,dividend,assets,cur_assets,cur_liab,cash,equity,cash_flow_op,cash_flow_inv,cash_flow_fin,debt,goodwill,cap_ex
AGEN,2018-09-30,False,Q3,2018,10-Q,12802427.0,-26075289.0,-33730557.0,-0.29,-0.29,0.0,130475239.0,67635727.0,58190385.0,46169404.0,-131392618.0,-24600000.0,-2989385.0,84857491.0,,22959112.0,2995572.0
AGEN,2011-09-30,False,Q3,2011,10-Q,653681.0,-4440901.0,-5732025.0,-0.28,-0.28,0.0,24368790.0,15985121.0,5865389.0,14731726.0,-16070609.0,-12068581.0,-30597.0,7048928.0,,2572203.0,54547.0
AGEN,2011-12-31,False,FY,2011,10-K,2755772.0,-19086806.0,-24066675.0,-1.21,-1.21,0.0,19807530.0,12004079.0,4753639.0,10747951.0,-20830965.0,-16248911.0,-29462.0,7244348.0,,2572203.0,54547.0
AGEN,2011-06-30,False,Q2,2011,10-Q,786432.0,-4701516.0,-5955210.0,-0.05,-0.05,0.0,22231125.0,13295605.0,4806771.0,12016136.0,-17152293.0,-8670514.0,-30692.0,935366.0,,2572203.0,49867.0
AGEN,2012-06-30,False,Q2,2012,10-Q,626786.0,-5771403.0,-7120595.0,-0.31,-0.31,0.0,33268680.0,26476891.0,4587511.0,25456413.0,607800000.0,7925521.0,-65016.0,6847957.0,,2572203.0,65016.0
AGEN,2012-09-30,False,Q3,2012,10-Q,868804.0,-4541165.0,-5926986.0,-0.24,-0.24,0.0,32223748.0,25790273.0,4829088.0,24757867.0,613600000.0,4289959.0,-101051.0,9821008.0,,2572203.0,101051.0
AGEN,2013-09-30,False,Q3,2013,10-Q,735992.0,-6814782.0,-7369558.0,-0.24,-0.24,0.0,37669970.0,30876396.0,9652879.0,30204928.0,-2876950.0,-13988740.0,-296995.0,23022394.0,,2572203.0,-746995.0
AGEN,2013-06-30,False,Q2,2013,10-Q,807396.0,-7328286.0,-11192412.0,-0.4,-0.4,0.0,21370927.0,14446264.0,7176490.0,13444938.0,-17263039.0,-9558035.0,-591378.0,2126082.0,,2572203.0,-591378.0
AGEN,2013-03-31,False,Q1,2013,10-Q,1109242.0,-4609197.0,-8842205.0,-0.35,-0.35,0.0,25133075.0,18346244.0,5777765.0,17213958.0,-22684093.0,-3895348.0,-377323.0,18360.0,,2572203.0,-377323.0
AGENUS,2012-03-31,False,Q1,2012,10-Q,13374926.0,7800580.0,6569985.0,0.29,0.29,0.0,33205331.0,25952344.0,5507817.0,24585385.0,-10631978.0,11271609.0,0.0,2565825.0,,2572203.0,0.0
AGEN,2012-12-31,False,FY,2012,10-K,15960716.0,-6740543.0,-12116506.0,-0.51,-0.51,0.0,29092623.0,22614688.0,4812988.0,21468269.0,-17600157.0,1012602.0,-103442.0,9811158.0,,2572203.0,103442.0
AGEN,2014-03-31,False,Q1,2014,10-Q,720856.0,-9824170.0,-408539.0,-0.01,0.0,0.0,108303769.0,75259922.0,14372955.0,73491291.0,63285402.0,-10124346.0,341878.0,55908685.0,8800000.0,19635612.0,172592.0
AGEN,2014-06-30,False,Q2,2014,10-Q,3074088.0,-8219972.0,-7812842.0,-0.12,-0.12,0.0,100187697.0,67032088.0,18569232.0,48270380.0,57632709.0,-19620251.0,-14800067.0,55185742.0,7900000.0,19550840.0,771097.0
AGEN,2014-09-30,False,Q3,2014,10-Q,1563378.0,-7671904.0,-8160510.0,-0.13,-0.13,0.0,87631657.0,55218892.0,15609972.0,38386125.0,48870167.0,-27726599.0,-15108646.0,53542273.0,7100000.0,18482106.0,1105472.0
AGEN,2013-12-31,False,FY,2013,10-K,3045207.0,-24980112.0,-33232451.0,-1.12,-1.12,0.0,34835481.0,28174578.0,10295873.0,27351969.0,-4480703.0,-19532945.0,-363520.0,25780165.0,,2572203.0,813520.0
AGEN,2015-03-31,False,Q1,2015,10-Q,3953299.0,-18291653.0,-18792081.0,-0.28,-0.28,0.0,117324298.0,85153960.0,20998973.0,79304207.0,46259184.0,3295337.0,14210934.0,36095572.0,,18268662.0,323552.0
AGEN,2014-12-31,False,FY,2014,10-K,6977455.0,-43320882.0,-42690006.0,-0.72,-0.71,0.0,74526528.0,42670301.0,9229423.0,25714519.0,23018387.0,-38234585.0,-16813100.0,52810710.0,,17869023.0,2819764.0
AGEN,2015-06-30,False,Q2,2015,10-Q,6376699.0,-33195050.0,-40461087.0,-0.53,-0.53,0.0,180109740.0,146283442.0,25320576.0,124664519.0,87190281.0,-9573911.0,-1987015.0,110868401.0,,18774267.0,1523511.0
AGEN,2015-09-30,False,Q3,2015,10-Q,6848194.0,-11067771.0,-13173029.0,-0.16,-0.16,0.0,242608250.0,208943281.0,28285870.0,184138960.0,76976104.0,-27584347.0,-3290673.0,189367800.0,110699000.0,18139991.0,2818429.0
AGEN,2016-03-31,False,Q1,2016,10-Q,5958876.0,-27969123.0,-31829444.0,-0.37,-0.37,0.0,221139321.0,161612811.0,31258094.0,78330566.0,44452740.0,-21532979.0,-36460483.0,-562926.0,118308000.0,23267789.0,1536948.0
AGEN,2016-06-30,False,Q2,2016,10-Q,6592285.0,-23607733.0,-28370900.0,-0.33,-0.33,0.0,196454266.0,136068517.0,33062851.0,73397742.0,16877144.0,-40024859.0,-18059773.0,-5219803.0,,23014532.0,3164423.0
AGEN,2016-09-30,False,Q3,2016,10-Q,4446171.0,-36224117.0,-40824622.0,-0.47,-0.47,0.0,174841885.0,109526224.0,34848911.0,75438489.0,-21039424.0,23800000.0,6924384.0,-4646658.0,,23165457.0,8191515.0
AGEN,2017-06-30,False,Q2,2017,10-Q,4207573.0,-28888110.0,-31764386.0,-0.32,-0.32,0.0,176491000.0,110690367.0,32912402.0,81829729.0,-17480819.0,27400000.0,-11221979.0,63359255.0,,23351728.0,1405932.0
AGEN,2017-03-31,False,Q1,2017,10-Q,26955843.0,-13257656.0,-17154443.0,-0.18,-0.18,0.0,203268678.0,137950364.0,36354328.0,113863956.0,8904735.0,-14831012.0,-5262190.0,62074029.0,,22667587.0,417002.0
AGEN,2017-09-30,False,Q3,2017,10-Q,3359399.0,-31664091.0,-36893133.0,-0.37,-0.37,0.0,149270244.0,84343669.0,54406752.0,65075357.0,-51594260.0,-26200000.0,-2182476.0,63767079.0,,23078686.0,2366429.0
AGEN,2015-12-31,False,FY,2015,10-K,24817025.0,-80700936.0,-88084081.0,-1.13,-1.13,0.0,242228484.0,184095366.0,28934090.0,136702873.0,70727550.0,-47175441.0,-31232018.0,189579685.0,114473000.0,22792778.0,3591335.0
AGEN,2018-03-31,False,Q1,2018,10-Q,1636041.0,-41748803.0,-54261143.0,-0.53,-0.53,0.0,130815696.0,65193078.0,30162218.0,52347634.0,-113233591.0,-40249623.0,-1489683.0,33790004.0,,23398080.0,1494901.0
AGEN,2017-12-31,False,FY,2017,10-K,42877086.0,-103801396.0,-120898033.0,-1.23,-1.23,0.0,138402024.0,73553554.0,56438121.0,60186617.0,-75815792.0,-94225143.0,2063596.0,80538225.0,,23048804.0,3120357.0
AGEN,2016-12-31,False,FY,2016,10-K,22573303.0,-107476766.0,-127199421.0,-1.46,-1.46,0.0,156985986.0,91312202.0,40851200.0,71448016.0,-39126266.0,-79960811.0,17596161.0,-2461040.0,,22392411.0,12519738.0
AGEN,2018-06-30,False,Q2,2018,10-Q,15894625.0,-16572017.0,-25203780.0,-0.24,-0.24,0.0,131936152.0,67704831.0,51317250.0,43163886.0,-113086873.0,-30500000.0,-2170387.0,56362936.0,,22814031.0,2175605.0
