symbol,end_date,amend,period_focus,fiscal_year,doc_type,revenues,op_income,net_income,eps_basic,eps_diluted,dividend,assets,cur_assets,cur_liab,cash,equity,cash_flow_op,cash_flow_inv,cash_flow_fin,debt,goodwill,cap_ex
AGM,2011-12-31,False,FY,2011,10-K,227298000.0,,13784000.0,1.33,1.28,0.2,11883508000.0,,,817046000.0,554533000.0,26820000.0,-2004814000.0,2065120000.0,4104882000.0,,
AGM,2018-12-31,False,FY,2018,10-K,556024000.0,,94898000.0,8.91,8.83,0.58,18694328000.0,,,425256000.0,752557000.0,200031000.0,-599210000.0,522413000.0,16243697000.0,,
AGM,2011-06-30,False,Q2,2011,10-Q,58967000.0,,5170000.0,0.5,0.48,0.05,10444828000.0,,,768335000.0,520607000.0,-19433000.0,-848833000.0,906681000.0,3744877000.0,,
AGM,2011-09-30,False,Q3,2011,10-Q,15716000.0,,-23032000.0,-2.22,-2.22,0.05,11430507000.0,,,825014000.0,547061000.0,8817000.0,-1711526000.0,1797803000.0,4060382000.0,,
AGM,2012-03-31,False,Q1,2012,10-Q,87309000.0,,22203000.0,2.14,2.04,0.1,12311411000.0,,,974963000.0,576856000.0,72776000.0,-493480000.0,578621000.0,4334977000.0,,
AGM,2012-09-30,False,Q3,2012,10-Q,72274000.0,,16381000.0,1.56,1.49,0.1,12502481000.0,,,870040000.0,600313000.0,83791000.0,-1181688000.0,1150891000.0,11475906000.0,,
AGM,2013-06-30,False,Q2,2013,10-Q,88228000.0,,27745000.0,2.57,2.48,0.12,12935951000.0,,,650723000.0,602321000.0,173753000.0,-611928000.0,303334000.0,11958831000.0,,
AGM,2013-09-30,False,Q3,2013,10-Q,72796000.0,,15413000.0,1.42,1.37,0.12,13085007000.0,,,651713000.0,605248000.0,288134000.0,-796116000.0,374131000.0,12058713000.0,,
AGM,2012-06-30,False,Q2,2012,10-Q,44297000.0,,-4291000.0,-0.41,-0.41,0.1,12050414000.0,,,752502000.0,582028000.0,-6042000.0,-778677000.0,720175000.0,11002009000.0,,
AGM,2013-03-31,False,Q1,2013,10-Q,73943000.0,,16190000.0,1.51,1.45,0.12,12892672000.0,,,893387000.0,628828000.0,142059000.0,79194000.0,-113430000.0,11522091000.0,,
AGM,2012-12-31,False,FY,2012,10-K,268405000.0,,43894000.0,4.19,3.98,0.4,12622201000.0,,,785564000.0,592962000.0,33303000.0,-1328810000.0,1264025000.0,11602105000.0,,
AGM,2014-03-31,False,Q1,2014,10-Q,49417000.0,,813000.0,0.07,0.07,0.14,13554353000.0,,,866585000.0,678975000.0,92651000.0,-76945000.0,101566000.0,12390646000.0,,
AGM,2013-09-30,True,Q3,2013,10-Q,72796000.0,,15413000.0,1.42,1.37,0.12,13085007000.0,,,651713000.0,605248000.0,288134000.0,-796116000.0,374131000.0,12058713000.0,,
AGM,2014-06-30,False,Q2,2014,10-Q,70739000.0,,20205000.0,1.85,1.78,0.14,14670102000.0,,,384123000.0,772274000.0,1768781000.0,-1565385000.0,-568586000.0,11666136000.0,,
AGM,2015-03-31,False,Q1,2015,10-Q,64426000.0,,1818000.0,0.17,0.16,0.16,14849685000.0,,,1556246000.0,582500000.0,89035000.0,-403922000.0,507746000.0,13605945000.0,,
AGM,2014-09-30,False,Q3,2014,10-Q,84337000.0,,11586000.0,1.06,1.02,0.14,14525697000.0,,,627670000.0,782400000.0,1830652000.0,-1205249000.0,-747046000.0,11519280000.0,,
AGM,2015-09-30,False,Q3,2015,10-Q,61937000.0,,8359000.0,0.76,0.74,0.16,14853845000.0,,,1516536000.0,540546000.0,165417000.0,-367899000.0,355631000.0,13497394000.0,,
AGM,2013-12-31,False,FY,2013,10-K,301169000.0,,71833000.0,6.64,6.41,0.48,13361780000.0,,,749313000.0,574469000.0,313990000.0,-995093000.0,644852000.0,12339950000.0,,
AGM,2014-12-31,False,FY,2014,10-K,274357000.0,,38251000.0,3.5,3.37,0.56,14287821000.0,,,1363387000.0,781829000.0,155052000.0,-83662000.0,542684000.0,12825139000.0,,
AGM,2015-06-30,False,Q2,2015,10-Q,84599000.0,,22162000.0,2.01,1.94,0.16,15144597000.0,,,1683156000.0,576293000.0,113363000.0,-330091000.0,536497000.0,13645905000.0,,
AGM,2016-09-30,False,Q3,2016,10-Q,83633000.0,,16364000.0,1.56,1.54,0.26,16000905000.0,,,313581000.0,600884000.0,118867000.0,-930044000.0,-85326000.0,14116088000.0,,
AGM,2016-06-30,False,Q2,2016,10-Q,77002000.0,,12006000.0,1.15,1.13,0.26,16823190000.0,,,1764626000.0,585153000.0,37153000.0,-173829000.0,691218000.0,14848083000.0,,
AGM,2017-03-31,False,Q1,2017,10-Q,93413000.0,,18615000.0,1.76,1.73,0.36,15931757000.0,,,313641000.0,666022000.0,102634000.0,-245913000.0,191691000.0,13917181000.0,,
AGM,2017-09-30,False,Q3,2017,10-Q,108796000.0,,18487000.0,1.74,1.71,0.36,17690238000.0,,,366764000.0,694166000.0,157309000.0,-1777246000.0,1721472000.0,15512889000.0,,
AGM,2016-12-31,False,FY,2016,10-K,332368000.0,,64152000.0,6.12,5.97,0.0,15606020000.0,,,265229000.0,643647000.0,208588000.0,-593409000.0,-560034000.0,13663100000.0,,
AGM,2016-03-31,False,Q1,2016,10-Q,71185000.0,,10317000.0,0.99,0.94,0.26,16156028000.0,,,1729563000.0,544016000.0,51913000.0,14239000.0,453327000.0,14587377000.0,,
AGM,2017-06-30,False,Q2,2017,10-Q,101791000.0,,17488000.0,1.65,1.62,0.36,17267385000.0,,,319993000.0,680929000.0,90591000.0,-1428004000.0,1392177000.0,15140568000.0,,
AGM,2017-12-31,False,FY,2017,10-K,418044000.0,,71300000.0,6.73,6.6,0.0,17792274000.0,,,302022000.0,708146000.0,175011000.0,-1848275000.0,1710057000.0,15522616000.0,,
AGM,2015-12-31,False,FY,2015,10-K,284964000.0,,47371000.0,4.33,4.19,0.0,15540354000.0,,,1210084000.0,553720000.0,184355000.0,-1250533000.0,912875000.0,14078497000.0,,
AGM,2018-03-31,False,Q1,2018,10-Q,119785000.0,,22524000.0,2.12,2.1,0.58,18397236000.0,,,493258000.0,745266000.0,117830000.0,-383997000.0,457403000.0,16023953000.0,,
AGM,2018-06-30,False,Q2,2018,10-Q,142050000.0,,26340000.0,2.47,2.45,0.58,18626771000.0,,,430812000.0,766212000.0,162154000.0,-609078000.0,575714000.0,16191197000.0,,
AGM,2018-09-30,False,Q3,2018,10-Q,147054000.0,,26474000.0,2.48,2.46,0.58,18474034000.0,,,436152000.0,777591000.0,252225000.0,-239793000.0,121698000.0,15798351000.0,,
