symbol,end_date,amend,period_focus,fiscal_year,doc_type,revenues,op_income,net_income,eps_basic,eps_diluted,dividend,assets,cur_assets,cur_liab,cash,equity,cash_flow_op,cash_flow_inv,cash_flow_fin,debt,goodwill,cap_ex
AIG,2011-03-31,False,Q1,2011,10-Q,17436000000.0,,-543000000.0,-1.41,-1.41,0.0,611247000000.0,,,1801000000.0,85845000000.0,-5312000000.0,39617000000.0,-34485000000.0,82166000000.0,,
AIG,2012-03-31,False,Q1,2012,10-Q,18443000000.0,,3208000000.0,1.7,1.7,0.0,554403000000.0,,,1315000000.0,104344000000.0,-111000000.0,10186000000.0,-10232000000.0,67214000000.0,,
AIG,2010-12-31,False,FY,2010,10-K,77301000000.0,,1583000000.0,14.75,14.75,0.0,683443000000.0,,,1558000000.0,113239000000.0,16910000000.0,-10225000000.0,-9261000000.0,85476000000.0,1333000000.0,267000000.0
AIG,2011-06-30,False,Q2,2011,10-Q,16676000000.0,,1840000000.0,1.03,1.03,0.0,616798000000.0,,,2590000000.0,93629000000.0,-3464000000.0,37748000000.0,-33714000000.0,69128000000.0,,
AIG,2011-09-30,False,Q3,2011,10-Q,12716000000.0,,-4109000000.0,-2.05,-2.05,0.0,544257000000.0,,,1542000000.0,86802000000.0,-1083000000.0,36028000000.0,-35444000000.0,66150000000.0,,
AIG,2011-12-31,False,FY,2011,10-K,64237000000.0,,16986000000.0,8.6,8.6,0.0,555773000000.0,,,1474000000.0,105806000000.0,35000000.0,36332000000.0,-36926000000.0,73400000000.0,1373000000.0,
AIG,2012-09-30,False,Q3,2012,10-Q,17648000000.0,,1856000000.0,1.13,1.13,0.0,550723000000.0,,,1608000000.0,102414000000.0,2839000000.0,19158000000.0,-21854000000.0,70266000000.0,,
AIG,2013-03-31,False,Q1,2013,10-Q,15888000000.0,,2206000000.0,1.49,1.49,0.0,548880000000.0,,,1227000000.0,100183000000.0,-149000000.0,3964000000.0,-3718000000.0,42948000000.0,,
AIG,2018-12-31,False,FY,2018,10-K,47389000000.0,,-6000000.0,-0.01,-0.01,0.32,491984000000.0,,,2873000000.0,57309000000.0,61000000.0,-223000000.0,794000000.0,34540000000.0,4082000000.0,368000000.0
AIG,2013-09-30,False,Q3,2013,10-Q,14826000000.0,,2170000000.0,1.47,1.46,0.1,540744000000.0,,,2058000000.0,99449000000.0,3948000000.0,6518000000.0,-9472000000.0,198000000.0,,
AIG,2013-06-30,False,Q2,2013,10-Q,17315000000.0,,2731000000.0,1.85,1.84,0.0,537438000000.0,,,1762000000.0,98155000000.0,1674000000.0,6071000000.0,-7055000000.0,39368000000.0,,
AIG,2012-06-30,False,Q2,2012,10-Q,17123000000.0,,2332000000.0,1.33,1.33,0.0,555383000000.0,,,1232000000.0,105529000000.0,1632000000.0,10871000000.0,-12721000000.0,66923000000.0,,
AIG,2012-12-31,False,FY,2012,10-K,65656000000.0,,3438000000.0,4.44,4.44,0.0,548633000000.0,,,1151000000.0,98669000000.0,3676000000.0,16612000000.0,-20564000000.0,48500000000.0,1469000000.0,
AIG,2009-06-30,False,Q2,2009,10-Q,29525000000.0,,311000000.0,2.3,2.3,0.0,830412000000.0,,,5802000000.0,62133000000.0,8036000000.0,7534000000.0,-18441000000.0,123528000000.0,6439000000.0,252000000.0
AIG,2010-03-31,False,Q1,2010,10-Q,16330000000.0,,294000000.0,0.41,0.41,0.0,863697000000.0,,,2133000000.0,101719000000.0,3195000000.0,-4516000000.0,-266000000.0,109744000000.0,2565000000.0,64000000.0
AIG,2010-06-30,False,Q2,2010,10-Q,19982000000.0,,-2656000000.0,1.14,1.14,0.0,850531000000.0,,,2840000000.0,102724000000.0,9771000000.0,-6067000000.0,-4527000000.0,108286000000.0,2640000000.0,173000000.0
AIG,2009-12-31,False,FY,2009,10-K,96004000000.0,,-12244000000.0,-86.3,-86.3,0.0,847585000000.0,,,4400000000.0,98076000000.0,18584000000.0,5778000000.0,-28997000000.0,113298000000.0,6195000000.0,504000000.0
AIG,2009-09-30,False,Q3,2009,10-Q,26049000000.0,,92000000.0,0.68,0.68,0.0,844344000000.0,,,4957000000.0,76537000000.0,11974000000.0,9149000000.0,-25003000000.0,122197000000.0,5847000000.0,402000000.0
AIG,2010-09-30,False,Q3,2010,10-Q,19091000000.0,,-2395000000.0,-3.97,-3.97,0.0,871965000000.0,,,1668000000.0,108713000000.0,15115000000.0,-7527000000.0,-8772000000.0,93419000000.0,1447000000.0,234000000.0
AIG,2014-03-31,False,Q1,2014,10-Q,16112000000.0,,1609000000.0,1.1,1.09,0.125,547111000000.0,,,2490000000.0,104393000000.0,763000000.0,3783000000.0,-4289000000.0,1265000000.0,,
AIG,2013-12-31,False,FY,2013,10-K,68678000000.0,,9085000000.0,6.16,6.13,0.2,541329000000.0,,,2241000000.0,101081000000.0,5865000000.0,7099000000.0,-11758000000.0,41693000000.0,1475000000.0,2732000000.0
AIG,2014-06-30,False,Q2,2014,10-Q,16105000000.0,,3073000000.0,2.13,2.1,0.125,529109000000.0,,,1827000000.0,108581000000.0,1641000000.0,3662000000.0,-5802000000.0,1223000000.0,,
AIG,2015-03-31,False,Q1,2015,10-Q,15975000000.0,,2468000000.0,1.81,1.78,0.125,520701000000.0,,,1823000000.0,108367000000.0,388000000.0,314000000.0,-604000000.0,1318000000.0,,
AIG,2016-03-31,False,Q1,2016,10-Q,11779000000.0,,-183000000.0,-0.16,-0.16,0.32,502777000000.0,,,1499000000.0,89081000000.0,-968000000.0,385000000.0,453000000.0,31952000000.0,,
AIG,2015-09-30,False,Q3,2015,10-Q,12822000000.0,,-231000000.0,-0.18,-0.18,0.28,501985000000.0,,,1569000000.0,99619000000.0,2234000000.0,6680000000.0,-9064000000.0,30719000000.0,,
AIG,2017-03-31,False,Q1,2017,10-Q,12632000000.0,,1185000000.0,1.21,1.18,0.32,500162000000.0,,,1918000000.0,74667000000.0,-10359000000.0,14487000000.0,-4048000000.0,30747000000.0,,
AIG,2015-12-31,False,FY,2015,10-K,58327000000.0,,2196000000.0,1.69,1.65,0.81,496943000000.0,,,1629000000.0,90210000000.0,2877000000.0,8462000000.0,-11429000000.0,29350000000.0,1181000000.0,1722000000.0
AIG,2017-06-30,False,Q2,2017,10-Q,12502000000.0,,1130000000.0,1.22,1.19,0.32,499762000000.0,,,2517000000.0,74324000000.0,-9285000000.0,14919000000.0,-5027000000.0,31812000000.0,,
AIG,2016-06-30,False,Q2,2016,10-Q,14724000000.0,,1913000000.0,1.72,1.68,0.32,510349000000.0,,,1784000000.0,90537000000.0,571000000.0,-264000000.0,-190000000.0,33329000000.0,,
AIG,2016-09-30,False,Q3,2016,10-Q,12854000000.0,,462000000.0,0.43,0.42,0.32,514568000000.0,,,2498000000.0,89165000000.0,1753000000.0,325000000.0,-1297000000.0,32277000000.0,,
AIG,2015-06-30,False,Q2,2015,10-Q,15699000000.0,,1800000000.0,1.35,1.32,0.125,509987000000.0,,,1937000000.0,104642000000.0,493000000.0,5286000000.0,-5566000000.0,1246000000.0,,
AIG,2016-12-31,False,FY,2016,10-K,52367000000.0,,-849000000.0,-0.78,-0.78,1.28,498264000000.0,,,1868000000.0,76858000000.0,2383000000.0,4744000000.0,-6833000000.0,30912000000.0,1528000000.0,1119000000.0
AIG,2014-09-30,False,Q3,2014,10-Q,16654000000.0,,2192000000.0,1.54,1.52,0.125,527190000000.0,,,1933000000.0,108983000000.0,4357000000.0,4867000000.0,-9601000000.0,1371000000.0,,
AIG,2014-12-31,False,FY,2014,10-K,64406000000.0,,7529000000.0,5.27,5.2,0.5,515581000000.0,,,1758000000.0,107272000000.0,5007000000.0,14284000000.0,-19788000000.0,31217000000.0,1454000000.0,1832000000.0
AIG,2017-09-30,False,Q3,2017,10-Q,11751000000.0,,-1739000000.0,-1.91,-1.91,0.32,503073000000.0,,,2433000000.0,73012000000.0,-9195000000.0,14774000000.0,-5126000000.0,31039000000.0,,
AIG,2017-12-31,False,FY,2017,10-K,49520000000.0,,-6084000000.0,-6.54,-6.54,1.28,498301000000.0,,,2362000000.0,65708000000.0,-8585000000.0,14671000000.0,-5697000000.0,31640000000.0,1594000000.0,483000000.0
AIG,2018-03-31,False,Q1,2018,10-Q,11712000000.0,,938000000.0,1.03,1.01,0.32,499143000000.0,,,2103000000.0,63357000000.0,-938000000.0,-1972000000.0,2486000000.0,33619000000.0,,
AIG,2018-09-30,False,Q3,2018,10-Q,11486000000.0,,-1259000000.0,-1.41,-1.41,0.32,504860000000.0,,,2741000000.0,59177000000.0,-38000000.0,-917000000.0,1333000000.0,34594000000.0,,
AIG,2018-06-30,False,Q2,2018,10-Q,11631000000.0,,937000000.0,1.04,1.02,0.32,496829000000.0,,,2135000000.0,61797000000.0,-340000000.0,-1470000000.0,1423000000.0,33784000000.0,,
