symbol,end_date,amend,period_focus,fiscal_year,doc_type,revenues,op_income,net_income,eps_basic,eps_diluted,dividend,assets,cur_assets,cur_liab,cash,equity,cash_flow_op,cash_flow_inv,cash_flow_fin,debt,goodwill,cap_ex
ALB,2018-12-31,False,FY,2018,10-K,3374950000.0,911540000.0,693562000.0,6.4,6.34,1.34,7581674000.0,1998421000.0,1183173000.0,555320000.0,3759108000.0,546165000.0,-303695000.0,-786526000.0,1705210000.0,1567169000.0,699991000.0
ALB,2010-09-30,False,Q3,2010,10-Q,585036000.0,120563000.0,93689000.0,1.03,1.02,0.14,2936660000.0,1212062000.0,347744000.0,424673000.0,1438041000.0,275732000.0,-60595000.0,-97508000.0,,278390000.0,50006000.0
ALB,2011-06-30,False,Q2,2011,10-Q,742108000.0,149095000.0,114159000.0,1.24,1.23,0.165,3292347000.0,1455696000.0,394413000.0,490715000.0,1802119000.0,146170000.0,-82596000.0,-113604000.0,771752000.0,295371000.0,67627000.0
ALB,2010-06-30,False,Q2,2010,10-Q,592483000.0,106635000.0,81751000.0,0.9,0.89,0.14,2731070000.0,1081086000.0,317148000.0,324123000.0,1249462000.0,134144000.0,-45888000.0,-59580000.0,,261203000.0,33930000.0
ALB,2011-09-30,False,Q3,2011,10-Q,722977000.0,160309000.0,116098000.0,1.29,1.28,0.165,3269055000.0,1449354000.0,402394000.0,481258000.0,1670623000.0,285467000.0,-147395000.0,-191473000.0,891179000.0,281404000.0,127111000.0
ALB,2012-06-30,False,Q2,2012,10-Q,684894000.0,52447000.0,37732000.0,0.42,0.42,0.2,3302707000.0,1451675000.0,413303000.0,461751000.0,1793644000.0,184909000.0,-140242000.0,-46730000.0,754824000.0,265649000.0,126623000.0
ALB,2012-09-30,False,Q3,2012,10-Q,661226000.0,128436000.0,99261000.0,1.11,1.1,0.2,3362655000.0,1386852000.0,382512000.0,402642000.0,1901283000.0,306482000.0,-244833000.0,-123351000.0,713734000.0,271566000.0,218708000.0
ALB,2012-03-31,False,Q1,2012,10-Q,711704000.0,148146000.0,108043000.0,1.21,1.2,0.2,3363499000.0,1469556000.0,433362000.0,519359000.0,1807374000.0,123544000.0,-56031000.0,-22130000.0,756661000.0,278915000.0,54784000.0
ALB,2013-03-31,False,Q1,2013,10-Q,641625000.0,114887000.0,83987000.0,0.95,0.94,0.24,3450445000.0,1403500000.0,434251000.0,434904000.0,1902240000.0,98650000.0,-54514000.0,-84032000.0,695820000.0,269714000.0,55335000.0
ALB,2011-12-31,False,FY,2011,10-K,2869005000.0,587840000.0,436280000.0,4.82,4.77,0.67,3203824000.0,1355620000.0,401178000.0,469416000.0,1678827000.0,487359000.0,-212936000.0,-329119000.0,763673000.0,273145000.0,190574000.0
ALB,2011-03-31,False,Q1,2011,10-Q,696530000.0,142362000.0,106580000.0,1.16,1.15,0.165,3139881000.0,1346374000.0,381611000.0,441013000.0,1662668000.0,46556000.0,-41321000.0,-103263000.0,,287264000.0,31894000.0
ALB,2010-12-31,False,FY,2010,10-K,2362764000.0,414848000.0,323720000.0,3.54,3.51,0.56,3068081000.0,1348198000.0,364177000.0,529650000.0,1475746000.0,331309000.0,-92191000.0,-7938000.0,,272238000.0,75478000.0
ALB,2013-06-30,False,Q2,2013,10-Q,634197000.0,112174000.0,82739000.0,0.98,0.98,0.24,3335949000.0,1281878000.0,375583000.0,314659000.0,1465393000.0,178854000.0,-102650000.0,-243953000.0,1077207000.0,272773000.0,103168000.0
ALB,2012-12-31,False,FY,2012,10-K,2745420000.0,406164000.0,311536000.0,3.49,3.47,0.8,3437291000.0,1407313000.0,385009000.0,477696000.0,1932008000.0,488766000.0,-301161000.0,-177294000.0,699288000.0,276966000.0,280873000.0
ALB,2014-03-31,False,Q1,2014,10-Q,656679000.0,75404000.0,56583000.0,0.71,0.71,0.275,3558728000.0,1477402000.0,423199000.0,524043000.0,1727601000.0,149173000.0,-21516000.0,-80614000.0,1070853000.0,283364000.0,23667000.0
ALB,2013-12-31,False,FY,2013,10-K,2616416000.0,582909000.0,413171000.0,4.93,4.9,0.96,3584797000.0,1482915000.0,436363000.0,477239000.0,1742776000.0,432859000.0,-157742000.0,-288046000.0,1078864000.0,284203000.0,155346000.0
ALB,2014-09-30,False,Q3,2014,10-Q,642418000.0,106473000.0,72794000.0,0.93,0.93,0.275,3393466000.0,1508307000.0,812710000.0,653120000.0,1587271000.0,430542000.0,21480000.0,-249749000.0,1052375000.0,251964000.0,76682000.0
ALB,2013-09-30,False,Q3,2013,10-Q,648638000.0,129665000.0,90512000.0,1.11,1.11,0.24,3470065000.0,1394706000.0,410837000.0,401427000.0,1577149000.0,317521000.0,-134064000.0,-269038000.0,1079884000.0,279668000.0,135028000.0
ALB,2014-06-30,False,Q2,2014,10-Q,604721000.0,110240000.0,22447000.0,0.29,0.28,0.275,3454532000.0,1525883000.0,815914000.0,515119000.0,1625090000.0,295147000.0,-46028000.0,-208815000.0,1063366000.0,265231000.0,46670000.0
ALB,2015-06-30,False,Q2,2015,10-Q,931485000.0,103352000.0,52147000.0,0.46,0.46,0.29,9770809000.0,1654081000.0,1368078000.0,207238000.0,3315910000.0,133183000.0,-2151074000.0,-266332000.0,88000.0,2769619000.0,111723000.0
ALB,2015-03-31,False,Q1,2015,10-Q,884404000.0,36686000.0,43115000.0,0.4,0.4,0.29,9794759000.0,1686543000.0,1456344000.0,261421000.0,3247330000.0,45791000.0,-2092673000.0,-182647000.0,4013121000.0,2709670000.0,56741000.0
ALB,2016-03-31,False,Q1,2016,10-Q,865398000.0,274808000.0,228186000.0,2.03,2.02,0.305,9438968000.0,1615391000.0,1225098000.0,252382000.0,3694871000.0,172708000.0,168248000.0,-297276000.0,,2931293000.0,58120000.0
ALB,2014-12-31,False,FY,2014,10-K,2445548000.0,271298000.0,133316000.0,1.69,1.69,1.1,5223103000.0,3348850000.0,1139886000.0,2489768000.0,1488635000.0,492609000.0,-46133000.0,1609329000.0,2934131000.0,243262000.0,110576000.0
ALB,2015-12-31,False,FY,2015,10-K,3651335000.0,442435000.0,334906000.0,3.01,3.0,1.16,9615014000.0,1831003000.0,1616685000.0,213734000.0,3401313000.0,360689000.0,-2160552000.0,-478325000.0,98900000.0,2893811000.0,227649000.0
ALB,2015-09-30,False,Q3,2015,10-Q,905093000.0,113306000.0,65392000.0,0.58,0.58,0.29,9675064000.0,1720915000.0,1322548000.0,234490000.0,3274514000.0,316903000.0,-2099954000.0,-467997000.0,81000.0,2811086000.0,164568000.0
ALB,2016-09-30,False,Q3,2016,10-Q,654010000.0,124909000.0,128220000.0,1.14,1.13,0.305,9396944000.0,1557703000.0,1076834000.0,233599000.0,3451433000.0,452435000.0,88132000.0,-510240000.0,3449332000.0,1484182000.0,141301000.0
ALB,2017-03-31,False,Q1,2017,10-Q,722063000.0,122764000.0,51213000.0,0.46,0.45,0.32,7366468000.0,2390254000.0,1207947000.0,1254536000.0,3783972000.0,82585000.0,-80143000.0,-1021799000.0,1712886000.0,1544574000.0,54143000.0
ALB,2017-09-30,False,Q3,2017,10-Q,754866000.0,148444000.0,118670000.0,1.07,1.06,0.32,7523300000.0,2327324000.0,1103017000.0,1045339000.0,4039572000.0,74844000.0,-224368000.0,-1078267000.0,1789529000.0,1616478000.0,187519000.0
ALB,2018-03-31,False,Q1,2018,10-Q,821629000.0,182623000.0,131760000.0,1.19,1.18,0.335,7556340000.0,2158725000.0,868860000.0,692188000.0,3943430000.0,121554000.0,-132540000.0,-438282000.0,1476068000.0,1643746000.0,131815000.0
ALB,2017-06-30,False,Q2,2017,10-Q,737258000.0,139071000.0,103333000.0,0.93,0.92,0.32,7291989000.0,2204448000.0,983662000.0,1006945000.0,3899791000.0,-54455000.0,-128975000.0,-1081806000.0,1728577000.0,1586450000.0,97765000.0
ALB,2018-06-30,False,Q2,2018,10-Q,853874000.0,390350000.0,302461000.0,2.76,2.73,0.335,7538363000.0,2283070000.0,1041661000.0,908144000.0,3837280000.0,223857000.0,125705000.0,-556867000.0,1615405000.0,1585500000.0,280945000.0
ALB,2016-06-30,False,Q2,2016,10-Q,669327000.0,123493000.0,-314821000.0,-2.8,-2.78,0.305,9312381000.0,1527760000.0,1159058000.0,193661000.0,3306346000.0,252501000.0,130071000.0,-394835000.0,3513183000.0,1472553000.0,99509000.0
ALB,2017-12-31,False,FY,2017,10-K,3071976000.0,587749000.0,54850000.0,0.49,0.49,1.28,7750772000.0,2477563000.0,1200925000.0,1137303000.0,3817696000.0,303979000.0,-357803000.0,-1086868000.0,1837372000.0,1610355000.0,317703000.0
ALB,2016-12-31,False,FY,2016,10-K,2677203000.0,574551000.0,643675000.0,5.73,5.68,1.22,8161207000.0,3306618000.0,1140103000.0,2269756000.0,3942604000.0,733403000.0,2920488000.0,-1577903000.0,2369262000.0,1540032000.0,196654000.0
ALB,2018-09-30,False,Q3,2018,10-Q,777748000.0,163760000.0,129745000.0,1.21,1.2,0.335,7487195000.0,2059577000.0,1127009000.0,641226000.0,3686277000.0,376941000.0,-75706000.0,-772928000.0,1697793000.0,1590906000.0,471675000.0
