symbol,end_date,amend,period_focus,fiscal_year,doc_type,revenues,op_income,net_income,eps_basic,eps_diluted,dividend,assets,cur_assets,cur_liab,cash,equity,cash_flow_op,cash_flow_inv,cash_flow_fin,debt,goodwill,cap_ex
ALCO,2012-03-31,False,Q2,2012,10-Q,54132000.0,12431000.0,7414000.0,1.01,1.01,0.04,185477000.0,33272000.0,15943000.0,768000.0,119375000.0,13600000.0,-5247000.0,-8921000.0,,,7901000.0
ALCO,2018-12-31,False,Q1,2019,10-Q,14779000.0,-268000.0,-2467000.0,-0.33,-0.33,0.06,408754000.0,55674000.0,28204000.0,272000.0,164223000.0,-12001000.0,-3884000.0,-9101000.0,171642000.0,2246000.0,3458000.0
ALCO,2011-12-31,False,Q1,2012,10-Q,26076000.0,3524000.0,1933000.0,0.26,0.26,0.04,186895000.0,33836000.0,12589000.0,667000.0,112414000.0,-237000.0,-3861000.0,3429000.0,,,4419000.0
ALCO,2011-09-30,False,FY,2011,10-K,98592000.0,15237000.0,7097000.0,0.96,0.96,0.12,180035000.0,29181000.0,11827000.0,1336000.0,110662000.0,16747000.0,-8093000.0,-18244000.0,,,12265000.0
ALCO,2012-06-30,False,Q3,2012,10-Q,40420000.0,8638000.0,9607000.0,1.31,1.31,0.04,189618000.0,52390000.0,19594000.0,3967000.0,128813000.0,25626000.0,-4797000.0,-18198000.0,40717000.0,,12195000.0
ALCO,2011-06-30,False,Q3,2011,10-Q,39341000.0,10073000.0,5971000.0,0.81,0.81,0.0,189828000.0,39063000.0,10107000.0,3074000.0,113082000.0,7185000.0,-5642000.0,-9395000.0,,,8719000.0
ALCO,2012-09-30,False,FY,2012,10-K,127187000.0,23742000.0,18489000.0,2.51,2.51,0.24,185083000.0,51467000.0,17148000.0,13328000.0,127546000.0,23634000.0,7678000.0,-19320000.0,39900000.0,,15921000.0
ALCO,2012-12-31,False,Q1,2013,10-Q,21356000.0,1978000.0,1038000.0,0.14,0.14,0.0,176052000.0,36583000.0,9445000.0,902000.0,127315000.0,-2939000.0,-5382000.0,-4105000.0,37500000.0,,7983000.0
ALCO,2013-06-30,False,Q3,2013,10-Q,35229000.0,6812000.0,4079000.0,0.56,0.55,0.08,182652000.0,39196000.0,12111000.0,6803000.0,132178000.0,14753000.0,-13837000.0,-7441000.0,36500000.0,,16792000.0
ALCO,2013-03-31,False,Q2,2013,10-Q,38410000.0,4550000.0,2773000.0,0.38,0.38,0.08,178556000.0,36640000.0,11447000.0,3513000.0,128281000.0,6942000.0,-10166000.0,-6591000.0,37000000.0,,12973000.0
ALCO,2013-09-30,False,FY,2013,10-K,101661000.0,11935000.0,19646000.0,2.69,2.67,0.36,198840000.0,59795000.0,11491000.0,24583000.0,142736000.0,13426000.0,6671000.0,-8842000.0,36000000.0,,18924000.0
ALCO,2013-12-31,False,Q1,2014,10-Q,14989000.0,-990000.0,-704000.0,-0.1,-0.1,0.12,193361000.0,55608000.0,9006000.0,13470000.0,140234000.0,-4088000.0,-4570000.0,-2455000.0,35500000.0,,6539000.0
ALCO,2014-06-30,False,Q3,2014,10-Q,28675000.0,2162000.0,1119000.0,0.15,0.15,0.06,200998000.0,72862000.0,15798000.0,24192000.0,142109000.0,15412000.0,-7120000.0,-8683000.0,34500000.0,,11225000.0
ALCO,2014-12-31,False,Q1,2015,10-Q,16158000.0,-2286000.0,5775000.0,0.78,0.78,0.06,411449000.0,66145000.0,24145000.0,1788000.0,150975000.0,-18865000.0,-169624000.0,159498000.0,197275000.0,,2048000.0
ALCO,2014-03-31,False,Q2,2014,10-Q,37475000.0,7373000.0,4070000.0,0.55,0.55,0.0,196011000.0,59537000.0,11138000.0,15410000.0,141234000.0,3500000.0,-5503000.0,-7170000.0,35000000.0,,8758000.0
ALCO,2015-06-30,False,Q3,2015,10-Q,68809000.0,16177000.0,7767000.0,0.94,0.94,0.06,470222000.0,78675000.0,20043000.0,9739000.0,178589000.0,25895000.0,-186038000.0,138862000.0,206580000.0,2246000.0,9674000.0
ALCO,2016-12-31,False,Q1,2017,10-Q,17445000.0,-1035000.0,-1735000.0,-0.21,-0.21,0.06,460753000.0,79952000.0,12694000.0,1126000.0,176462000.0,-17437000.0,-1810000.0,13748000.0,194520000.0,2246000.0,2357000.0
ALCO,2017-03-31,False,Q2,2017,10-Q,56200000.0,11117000.0,5833000.0,0.7,0.7,0.06,459959000.0,83537000.0,15284000.0,1041000.0,181601000.0,-2749000.0,-2233000.0,-602000.0,191838000.0,2246000.0,5040000.0
ALCO,2014-09-30,False,FY,2014,10-K,88680000.0,7856000.0,8050000.0,1.1,1.09,0.24,203567000.0,112072000.0,15696000.0,30779000.0,145437000.0,27452000.0,-11328000.0,-9928000.0,34000000.0,,13108000.0
ALCO,2015-12-31,False,Q1,2016,10-Q,20604000.0,-2559000.0,-3019000.0,-0.36,-0.36,0.06,468982000.0,82060000.0,17584000.0,3276000.0,170189000.0,-14781000.0,-2848000.0,15431000.0,202781000.0,2246000.0,2988000.0
ALCO,2016-03-31,False,Q2,2016,10-Q,71889000.0,16666000.0,8724000.0,1.05,1.05,0.06,463852000.0,78139000.0,26952000.0,3552000.0,177540000.0,12138000.0,-5790000.0,-8270000.0,200100000.0,2246000.0,5931000.0
ALCO,2016-06-30,False,Q3,2016,10-Q,46853000.0,10936000.0,4670000.0,0.56,0.56,0.06,459481000.0,75001000.0,16023000.0,12990000.0,181946000.0,34185000.0,-8951000.0,-17718000.0,199901000.0,2246000.0,9115000.0
ALCO,2017-06-30,False,Q3,2017,10-Q,51518000.0,11299000.0,5479000.0,0.66,0.66,0.06,447221000.0,67202000.0,13085000.0,9944000.0,185438000.0,28900000.0,-8279000.0,-17302000.0,189158000.0,2246000.0,11450000.0
ALCO,2015-03-31,False,Q2,2015,10-Q,55122000.0,6698000.0,2794000.0,0.34,0.34,0.06,478422000.0,85875000.0,24628000.0,2775000.0,171924000.0,-6261000.0,-183908000.0,161924000.0,210011000.0,1146000.0,23239000.0
ALCO,2016-09-30,False,FY,2016,10-K,144196000.0,21846000.0,6959000.0,0.84,0.84,0.24,458662000.0,73108000.0,18731000.0,6625000.0,178263000.0,30357000.0,-13034000.0,-16172000.0,197219000.0,2246000.0,14305000.0
ALCO,2017-12-31,False,Q1,2018,10-Q,17533000.0,-3304000.0,8746000.0,1.06,1.05,0.06,417962000.0,66283000.0,12292000.0,948000.0,174036000.0,-9689000.0,1739000.0,5503000.0,185358000.0,2246000.0,3561000.0
ALCO,2017-09-30,False,FY,2017,10-K,129829000.0,-6094000.0,-9496000.0,-1.14,-1.14,0.24,419182000.0,66489000.0,15983000.0,3395000.0,165369000.0,28229000.0,-10085000.0,-21374000.0,186476000.0,2246000.0,13353000.0
ALCO,2018-09-30,False,FY,2018,10-K,,,,,,0.0,,,,,,,,,,,
ALCO,2018-06-30,False,Q3,2018,10-Q,26517000.0,8959000.0,9100000.0,1.11,1.09,0.06,418616000.0,77928000.0,15515000.0,26553000.0,176311000.0,16119000.0,19163000.0,-12124000.0,177055000.0,2246000.0,12129000.0
ALCO,2018-03-31,False,Q2,2018,10-Q,35600000.0,4760000.0,-5514000.0,-0.67,-0.67,0.06,409942000.0,58540000.0,15103000.0,12022000.0,168239000.0,-251000.0,16795000.0,-7917000.0,179761000.0,2246000.0,7438000.0
ALCO,2018-09-30,False,FY,2018,10-K,81281000.0,10535000.0,13050000.0,1.59,1.57,0.24,423422000.0,72240000.0,21498000.0,25260000.0,177595000.0,19055000.0,22447000.0,-12637000.0,174349000.0,2246000.0,16352000.0
ALCO,2015-09-30,False,FY,2015,10-K,153119000.0,19059000.0,15733000.0,1.96,1.96,0.24,460580000.0,70680000.0,23633000.0,7360000.0,177599000.0,33866000.0,-188399000.0,130873000.0,205881000.0,2246000.0,11948000.0
