symbol,end_date,amend,period_focus,fiscal_year,doc_type,revenues,op_income,net_income,eps_basic,eps_diluted,dividend,assets,cur_assets,cur_liab,cash,equity,cash_flow_op,cash_flow_inv,cash_flow_fin,debt,goodwill,cap_ex
ALEX,2012-06-30,False,Q2,2012,10-Q,72400000.0,5000000.0,-4400000.0,-0.1,-0.1,0.0,1424900000.0,83800000.0,83700000.0,2500000.0,881300000.0,-24300000.0,-18800000.0,33900000.0,228800000.0,,12400000.0
ALEX,2014-03-31,False,Q1,2014,10-Q,94900000.0,10100000.0,33400000.0,0.69,0.68,0.04,2295500000.0,190100000.0,162500000.0,5500000.0,1208800000.0,-29400000.0,57500000.0,-25900000.0,,100000000.0,8500000.0
ALEX,2012-09-30,False,Q3,2012,10-Q,92900000.0,19900000.0,13400000.0,0.31,0.31,0.0,1438400000.0,70400000.0,56200000.0,4100000.0,905500000.0,-12800000.0,-39800000.0,45000000.0,244000000.0,,34400000.0
ALEX,2013-03-31,False,Q1,2013,10-Q,41500000.0,7000000.0,5000000.0,0.12,0.12,0.0,1490000000.0,74600000.0,69000000.0,1200000.0,921100000.0,-25200000.0,-10500000.0,35800000.0,270000000.0,,6500000.0
ALEX,2013-09-30,False,Q3,2013,10-Q,72200000.0,7500000.0,4400000.0,0.1,0.1,0.0,1845200000.0,149700000.0,87500000.0,4100000.0,934400000.0,-109400000.0,-132900000.0,245300000.0,,9200000.0,102900000.0
ALEX,2014-06-30,False,Q2,2014,10-Q,146700000.0,22800000.0,9200000.0,0.19,0.19,0.04,2283700000.0,183800000.0,148000000.0,6200000.0,1219000000.0,-20600000.0,61400000.0,-37900000.0,,100000000.0,19700000.0
ALEX,2012-12-31,False,FY,2012,10-K,296700000.0,40400000.0,20500000.0,0.48,0.48,0.0,1437300000.0,63400000.0,69600000.0,1100000.0,914400000.0,10900000.0,-50100000.0,28600000.0,235500000.0,,45400000.0
ALEX,2015-06-30,False,Q2,2015,10-Q,153700000.0,21300000.0,9800000.0,0.2,0.2,0.05,2269600000.0,183300000.0,136200000.0,2300000.0,1249000000.0,69400000.0,25000000.0,-94900000.0,,102300000.0,20400000.0
ALEX,2015-09-30,False,Q3,2015,10-Q,144700000.0,14100000.0,6700000.0,0.11,0.11,0.05,2245500000.0,152900000.0,127100000.0,4100000.0,1245800000.0,115300000.0,6500000.0,-120500000.0,594200000.0,102300000.0,34900000.0
ALEX,2018-12-31,False,FY,2018,10-K,644400000.0,172800000.0,-72000000.0,-1.02,-1.02,11.65,2225200000.0,180700000.0,129400000.0,11400000.0,1208300000.0,309900000.0,-104700000.0,-73500000.0,778100000.0,65100000.0,54400000.0
ALEX,2015-03-31,False,Q1,2015,10-Q,150700000.0,24500000.0,25300000.0,0.52,0.51,0.05,2288200000.0,179200000.0,148500000.0,3400000.0,1239000000.0,26800000.0,23400000.0,-49600000.0,,102300000.0,8600000.0
ALEX,2013-06-30,False,Q2,2013,10-Q,71100000.0,12000000.0,5000000.0,0.11,0.11,0.0,1518200000.0,71100000.0,76700000.0,700000.0,927700000.0,-16800000.0,-36700000.0,53100000.0,,,13100000.0
ALEX,2013-12-31,False,FY,2013,10-K,365200000.0,39900000.0,36900000.0,0.83,0.82,0.0,2285200000.0,171400000.0,218200000.0,3300000.0,1174800000.0,-38300000.0,-211700000.0,252200000.0,708900000.0,99600000.0,32500000.0
ALEX,2014-09-30,False,Q3,2014,10-Q,153400000.0,15600000.0,10200000.0,0.21,0.21,0.04,2295200000.0,175000000.0,149300000.0,9200000.0,1229600000.0,3300000.0,33400000.0,-30800000.0,,102900000.0,27300000.0
ALEX,2014-12-31,False,FY,2014,10-K,560000000.0,64600000.0,61400000.0,1.26,1.25,0.17,2329900000.0,175900000.0,183000000.0,2800000.0,1214800000.0,39100000.0,-28000000.0,-11600000.0,705600000.0,102300000.0,60200000.0
ALEX,2016-03-31,False,Q1,2016,10-Q,108800000.0,-5200000.0,-7500000.0,-0.15,-0.15,0.06,2319000000.0,157900000.0,186200000.0,3500000.0,1219900000.0,5500000.0,-97200000.0,93900000.0,,102300000.0,92100000.0
ALEX,2016-06-30,False,Q2,2016,10-Q,102700000.0,-2900000.0,-700000.0,-0.01,-0.01,0.06,2239200000.0,143200000.0,184000000.0,6400000.0,1217000000.0,29800000.0,-52000000.0,27300000.0,,102300000.0,99800000.0
ALEX,2016-09-30,False,Q3,2016,10-Q,138700000.0,2200000.0,-1900000.0,-0.03,-0.03,0.06,2224200000.0,144600000.0,181500000.0,5800000.0,1214800000.0,48400000.0,-54600000.0,10700000.0,606300000.0,102300000.0,105300000.0
ALEX,2017-06-30,False,Q2,2017,10-Q,98100000.0,10800000.0,4300000.0,0.1,0.09,0.07,2177000000.0,159000000.0,128200000.0,11000000.0,1217600000.0,-16600000.0,-23300000.0,48700000.0,574900000.0,102300000.0,23400000.0
ALEX,2015-12-31,False,FY,2015,10-K,570500000.0,39000000.0,29600000.0,0.54,0.54,0.21,2243500000.0,152500000.0,184700000.0,1300000.0,1227100000.0,128500000.0,1000000.0,-131000000.0,587900000.0,102300000.0,43400000.0
ALEX,2017-03-31,False,Q1,2017,10-Q,93200000.0,6700000.0,6300000.0,0.14,0.14,0.07,2160600000.0,130600000.0,130900000.0,15300000.0,1214500000.0,-10600000.0,-13600000.0,37300000.0,560000000.0,102300000.0,6100000.0
ALEX,2018-03-31,False,Q1,2018,10-Q,113300000.0,7000000.0,47300000.0,0.71,0.66,11.65,2310700000.0,178500000.0,123300000.0,26500000.0,1325200000.0,8500000.0,-56100000.0,-12000000.0,838600000.0,102300000.0,12700000.0
ALEX,2017-09-30,False,Q3,2017,10-Q,111500000.0,11800000.0,6100000.0,0.13,0.13,0.07,2208300000.0,239800000.0,129600000.0,13300000.0,1223100000.0,-45200000.0,-38000000.0,94300000.0,625800000.0,102300000.0,33700000.0
ALEX,2017-12-31,False,FY,2017,10-K,425500000.0,19500000.0,228300000.0,4.68,4.34,16.13,2231200000.0,274800000.0,926800000.0,68900000.0,651100000.0,-1300000.0,-3900000.0,96100000.0,631200000.0,102300000.0,42500000.0
ALEX,2016-12-31,False,FY,2016,10-K,387500000.0,41600000.0,-10200000.0,-0.18,-0.18,0.25,2156300000.0,138300000.0,165100000.0,2200000.0,1213200000.0,111200000.0,-25600000.0,-84700000.0,515100000.0,102300000.0,108600000.0
ALEX,2018-09-30,False,Q3,2018,10-Q,119400000.0,17700000.0,14800000.0,0.21,0.2,0.0,2276200000.0,174600000.0,120700000.0,7500000.0,1348600000.0,37700000.0,-60800000.0,-72400000.0,778400000.0,102300000.0,40000000.0
ALEX,2018-06-30,False,Q2,2018,10-Q,112100000.0,7900000.0,2500000.0,0.03,0.03,0.0,2272200000.0,167100000.0,120900000.0,9500000.0,1330400000.0,26800000.0,-60200000.0,-60100000.0,790800000.0,102300000.0,25300000.0
