symbol,end_date,amend,period_focus,fiscal_year,doc_type,revenues,op_income,net_income,eps_basic,eps_diluted,dividend,assets,cur_assets,cur_liab,cash,equity,cash_flow_op,cash_flow_inv,cash_flow_fin,debt,goodwill,cap_ex
ALV,2010-06-30,False,Q2,2010,10-Q,1801500000.0,229100000.0,146500000.0,1.69,1.6,0.3,5363700000.0,2455500000.0,1793700000.0,459400000.0,2621500000.0,399800000.0,-151200000.0,-237700000.0,,1601200000.0,86200000.0
ALV,2011-09-30,False,Q3,2011,10-Q,2017600000.0,204900000.0,138400000.0,1.55,1.48,0.45,6029300000.0,2943300000.0,1983500000.0,630700000.0,3302100000.0,465100000.0,-258000000.0,-165000000.0,,1612100000.0,263000000.0
ALV,2012-06-30,False,Q2,2012,10-Q,2088800000.0,190400000.0,126400000.0,1.35,1.33,0.47,6407200000.0,3282600000.0,2033400000.0,917300000.0,3580900000.0,316600000.0,-159400000.0,20700000.0,,1604100000.0,166000000.0
ALV,2010-09-30,False,Q3,2010,10-Q,1740900000.0,202100000.0,140100000.0,1.58,1.51,0.35,5643600000.0,2671500000.0,1911400000.0,487200000.0,2807100000.0,598100000.0,-215600000.0,-381700000.0,,1615100000.0,145800000.0
ALV,2011-03-31,False,Q1,2011,10-Q,2108600000.0,254800000.0,181500000.0,2.04,1.93,0.43,6059300000.0,3024600000.0,2047800000.0,605200000.0,3113600000.0,141400000.0,-78200000.0,-18700000.0,,1620700000.0,82200000.0
ALV,2012-03-31,False,Q1,2012,10-Q,2178900000.0,153300000.0,100500000.0,1.12,1.07,0.47,6358500000.0,3195700000.0,2128400000.0,732000000.0,3437300000.0,98000000.0,-78800000.0,-20300000.0,,1611500000.0,79500000.0
ALV,2018-12-31,False,FY,2018,10-K,1943000000.0,686000000.0,190400000.0,2.19,2.18,2.48,6721600000.0,3285400000.0,2865500000.0,615800000.0,1896800000.0,590600000.0,-627700000.0,-245000000.0,,1389900000.0,560000000.0
ALV,2013-03-31,False,Q1,2013,10-Q,2135000000.0,182400000.0,123500000.0,1.29,1.29,0.5,6714300000.0,3449100000.0,1944000000.0,990500000.0,3823000000.0,140800000.0,-86100000.0,-43000000.0,,1604300000.0,88000000.0
ALV,2013-09-30,False,Q3,2013,10-Q,2119000000.0,182300000.0,123900000.0,1.29,1.29,0.5,7020200000.0,3708900000.0,2168000000.0,1134700000.0,4032300000.0,538700000.0,-268400000.0,-114200000.0,,1608500000.0,271200000.0
ALV,2011-12-31,False,FY,2011,10-K,8232400000.0,889200000.0,623400000.0,6.99,6.65,1.78,6117300000.0,3000300000.0,2085900000.0,739200000.0,3349000000.0,758200000.0,-372700000.0,-222900000.0,348000000.0,1607000000.0,367300000.0
ALV,2010-12-31,False,FY,2010,10-K,7170600000.0,869200000.0,590600000.0,6.77,6.39,1.05,5664500000.0,2688600000.0,1834500000.0,587700000.0,2939200000.0,924400000.0,-297200000.0,-528900000.0,,1612300000.0,236400000.0
ALV,2011-06-30,False,Q2,2011,10-Q,2061500000.0,205400000.0,145000000.0,1.62,1.54,0.45,6084700000.0,2979600000.0,2074700000.0,559700000.0,3260800000.0,273300000.0,-170100000.0,-109900000.0,,1624200000.0,175500000.0
ALV,2012-12-31,False,FY,2012,10-K,8266700000.0,705400000.0,483100000.0,5.17,5.08,1.94,6570300000.0,3289200000.0,1849800000.0,977700000.0,3776100000.0,688500000.0,-358200000.0,-91300000.0,547000000.0,1610800000.0,365400000.0
ALV,2013-06-30,False,Q2,2013,10-Q,2197500000.0,194000000.0,138700000.0,1.45,1.44,0.5,6850600000.0,3595100000.0,2117200000.0,1042400000.0,3905800000.0,332600000.0,-174600000.0,-84600000.0,,1602700000.0,176700000.0
ALV,2012-09-30,False,Q3,2012,10-Q,1947100000.0,187400000.0,117500000.0,1.23,1.23,0.5,6502200000.0,3302300000.0,1972000000.0,908200000.0,3701600000.0,447300000.0,-257800000.0,-16300000.0,,1610300000.0,264200000.0
ALV,2014-03-31,False,Q1,2014,10-Q,2295800000.0,191700000.0,130300000.0,1.39,1.38,0.52,7110300000.0,3800900000.0,2555700000.0,1096800000.0,3999900000.0,185300000.0,-94100000.0,-113300000.0,,1610600000.0,93300000.0
ALV,2014-06-30,False,Q2,2014,10-Q,2383000000.0,139400000.0,82800000.0,0.89,0.89,0.54,8197500000.0,4851500000.0,2447700000.0,2060200000.0,3943400000.0,271000000.0,-209100000.0,885700000.0,,1612100000.0,208400000.0
ALV,2014-09-30,False,Q3,2014,10-Q,2208000000.0,174800000.0,106500000.0,1.16,1.16,0.54,7792800000.0,4489800000.0,2325000000.0,1846700000.0,3675700000.0,483400000.0,-327200000.0,607300000.0,,1602600000.0,326800000.0
ALV,2015-03-31,False,Q1,2015,10-Q,2174100000.0,80000000.0,35700000.0,0.4,0.4,0.56,7326500000.0,4017400000.0,2256200000.0,1364100000.0,3225600000.0,84200000.0,-131200000.0,-85900000.0,,1583600000.0,134800000.0
ALV,2015-06-30,False,Q2,2015,10-Q,2291500000.0,208700000.0,136700000.0,1.55,1.55,0.56,7405400000.0,4044100000.0,2225300000.0,1323300000.0,3341000000.0,237900000.0,-246300000.0,-172600000.0,,1586700000.0,250000000.0
ALV,2016-03-31,False,Q1,2016,10-Q,2430000000.0,205200000.0,133200000.0,1.51,1.51,0.58,8144300000.0,4060100000.0,2416500000.0,1161600000.0,3865200000.0,200500000.0,-318600000.0,-64700000.0,,1838700000.0,91800000.0
ALV,2015-09-30,False,Q3,2015,10-Q,2184500000.0,157800000.0,98900000.0,1.12,1.12,0.56,7293400000.0,3813200000.0,2112000000.0,1181100000.0,3319000000.0,429200000.0,-471900000.0,-262400000.0,,1668000000.0,347700000.0
ALV,2015-12-31,False,FY,2015,10-K,2469000000.0,727800000.0,456800000.0,5.18,5.17,2.24,7525500000.0,4038300000.0,2226400000.0,1333500000.0,3468100000.0,750500000.0,-591100000.0,-318900000.0,243000000.0,1666300000.0,465800000.0
ALV,2013-12-31,False,FY,2013,10-K,2610000000.0,761400000.0,485800000.0,5.09,5.07,2.02,6983000000.0,3700400000.0,2428500000.0,1118300000.0,4000400000.0,837900000.0,-377400000.0,-318300000.0,266000000.0,1610100000.0,385600000.0
ALV,2014-12-31,False,FY,2014,10-K,2728000000.0,722600000.0,467800000.0,5.08,5.06,2.14,7442900000.0,4136200000.0,2138600000.0,1529000000.0,3442100000.0,712700000.0,-453000000.0,226300000.0,262000000.0,1594000000.0,456000000.0
ALV,2016-06-30,False,Q2,2016,10-Q,2578500000.0,212700000.0,148400000.0,1.68,1.68,0.58,8244300000.0,4122500000.0,2467800000.0,1113100000.0,3952400000.0,303100000.0,-448900000.0,-80700000.0,,1894200000.0,223500000.0
ALV,2017-06-30,False,Q2,2017,10-Q,2544900000.0,216400000.0,129800000.0,1.48,1.47,0.6,8443700000.0,4047500000.0,2622600000.0,922500000.0,4112300000.0,328600000.0,-371300000.0,-295300000.0,,1901100000.0,270600000.0
ALV,2016-09-30,False,Q3,2016,10-Q,2461300000.0,191100000.0,137800000.0,1.56,1.56,0.58,8301200000.0,4145300000.0,2426000000.0,1182600000.0,4037000000.0,574200000.0,-566900000.0,-152200000.0,,1891500000.0,343600000.0
ALV,2017-03-31,False,Q1,2017,10-Q,2608100000.0,217600000.0,143800000.0,1.63,1.62,0.6,8517500000.0,4329000000.0,2701300000.0,1235200000.0,4106900000.0,149200000.0,-121400000.0,-44800000.0,,1895400000.0,129500000.0
ALV,2017-09-30,False,Q3,2017,10-Q,2500400000.0,158700000.0,90800000.0,1.04,1.04,0.6,8585200000.0,4122400000.0,2666000000.0,958300000.0,4209400000.0,546500000.0,-514900000.0,-354300000.0,,1904900000.0,414400000.0
ALV,2016-12-31,False,FY,2016,10-K,2694000000.0,847700000.0,567100000.0,6.43,6.42,2.32,8234400000.0,4140900000.0,2597600000.0,1226700000.0,3926400000.0,868400000.0,-726000000.0,-200200000.0,1543400000.0,1870700000.0,506800000.0
ALV,2018-09-30,False,Q3,2018,10-Q,2033000000.0,192500000.0,117500000.0,1.35,1.34,0.62,6760500000.0,3348100000.0,2683800000.0,533700000.0,2053400000.0,301200000.0,-494300000.0,-171800000.0,,1391000000.0,425200000.0
ALV,2018-06-30,False,Q2,2018,10-Q,2211500000.0,229100000.0,37200000.0,0.43,0.43,0.62,6789800000.0,3373800000.0,2753300000.0,507500000.0,2007600000.0,63000000.0,-376900000.0,-91100000.0,,1391900000.0,306400000.0
ALV,2018-03-31,False,Q1,2018,10-Q,2812800000.0,225400000.0,126700000.0,1.46,1.45,0.62,8878100000.0,4341900000.0,2809500000.0,793900000.0,4342000000.0,15600000.0,-212200000.0,17900000.0,,1691500000.0,141000000.0
ALV,2017-12-31,False,FY,2017,10-K,2501000000.0,605300000.0,427100000.0,4.88,4.87,2.4,8549900000.0,4204700000.0,2654600000.0,959500000.0,4169400000.0,935900000.0,-697300000.0,-566200000.0,1341400000.0,1688800000.0,580100000.0
