symbol,end_date,amend,period_focus,fiscal_year,doc_type,revenues,op_income,net_income,eps_basic,eps_diluted,dividend,assets,cur_assets,cur_liab,cash,equity,cash_flow_op,cash_flow_inv,cash_flow_fin,debt,goodwill,cap_ex
AMSF,2011-06-30,False,Q2,2011,10-Q,67051000.0,,4569000.0,0.25,0.24,0.0,1152548000.0,,,62044000.0,337213000.0,4659000.0,-3415000.0,-166000.0,,,316000.0
AMSF,2012-12-31,False,FY,2012,10-K,321248000.0,,29353000.0,1.62,1.58,0.0,1220946000.0,,,92676000.0,381222000.0,81048000.0,-9330000.0,-24578000.0,,,1196000.0
AMSF,2012-06-30,False,Q2,2012,10-Q,76637000.0,,3445000.0,0.19,0.19,0.0,1210308000.0,,,76848000.0,363449000.0,41911000.0,1954000.0,-12553000.0,,,231000.0
AMSF,2013-03-31,False,Q1,2013,10-Q,86512000.0,,8836000.0,0.48,0.47,0.08,1265403000.0,,,75294000.0,389698000.0,21777000.0,-39187000.0,28000.0,,,144000.0
AMSF,2013-06-30,False,Q2,2013,10-Q,87511000.0,,7618000.0,0.42,0.41,0.08,1313873000.0,,,83424000.0,392515000.0,59446000.0,-67762000.0,-936000.0,,,662000.0
AMSF,2018-12-31,False,FY,2018,10-K,377753000.0,,71632000.0,3.73,3.71,0.88,1515931000.0,,,40344000.0,409762000.0,98268000.0,-29059000.0,-84424000.0,,,1126000.0
AMSF,2012-09-30,False,Q3,2012,10-Q,80374000.0,,7121000.0,0.39,0.38,0.0,1202855000.0,,,69345000.0,372139000.0,59054000.0,-9802000.0,-25443000.0,,,837000.0
AMSF,2014-03-31,False,Q1,2014,10-Q,96173000.0,,10549000.0,0.57,0.56,0.12,1376750000.0,,,106860000.0,420578000.0,30286000.0,-36218000.0,-10285000.0,,,208000.0
AMSF,2013-09-30,False,Q3,2013,10-Q,88003000.0,,9672000.0,0.53,0.52,0.08,1312559000.0,,,116778000.0,400712000.0,99764000.0,-74059000.0,-1603000.0,,,764000.0
AMSF,2011-09-30,False,Q3,2011,10-Q,71743000.0,,6692000.0,0.37,0.36,0.0,1153197000.0,,,68940000.0,338486000.0,29772000.0,-4526000.0,-17272000.0,,,683000.0
AMSF,2012-03-31,False,Q1,2012,10-Q,78654000.0,,9561000.0,0.53,0.52,0.0,1185760000.0,,,63775000.0,359053000.0,18079000.0,160000.0,,,,90000.0
AMSF,2011-12-31,False,FY,2011,10-K,280663000.0,,24125000.0,1.32,1.29,0.0,1148509000.0,,,45536000.0,350852000.0,43709000.0,-42943000.0,-16196000.0,,,1128000.0
AMSF,2014-09-30,False,Q3,2014,10-Q,102336000.0,,13479000.0,0.72,0.71,0.12,1467384000.0,,,118544000.0,448483000.0,103981000.0,-96311000.0,-12203000.0,,,771000.0
AMSF,2014-06-30,False,Q2,2014,10-Q,100624000.0,,12773000.0,0.69,0.68,0.12,1439717000.0,,,98818000.0,435484000.0,70598000.0,-83459000.0,-11398000.0,,,667000.0
AMSF,2013-12-31,False,FY,2013,10-K,356335000.0,,43495000.0,2.37,2.32,0.32,1329001000.0,,,123077000.0,416814000.0,128903000.0,-96960000.0,-1542000.0,,,1140000.0
AMSF,2014-12-31,False,FY,2014,10-K,404019000.0,,53666000.0,2.88,2.84,0.48,1457220000.0,,,90956000.0,446968000.0,140440000.0,-141008000.0,-31553000.0,,,989000.0
AMSF,2015-03-31,False,Q1,2015,10-Q,101788000.0,,15130000.0,0.8,0.79,0.15,1514977000.0,,,79731000.0,461653000.0,32345000.0,-42091000.0,-1479000.0,,,276000.0
AMSF,2015-06-30,False,Q2,2015,10-Q,99936000.0,,14319000.0,0.76,0.75,0.15,1534111000.0,,,61589000.0,472798000.0,26101000.0,-51660000.0,-3808000.0,,,553000.0
AMSF,2016-06-30,False,Q2,2016,10-Q,97563000.0,,16639000.0,0.87,0.87,0.18,1594769000.0,,,70155000.0,495947000.0,56361000.0,-49774000.0,-5913000.0,,,850000.0
AMSF,2016-03-31,False,Q1,2016,10-Q,102335000.0,,24257000.0,1.27,1.27,0.18,1557560000.0,,,79290000.0,478753000.0,30334000.0,-17930000.0,-2595000.0,,,98000.0
AMSF,2015-09-30,False,Q3,2015,10-Q,97470000.0,,17940000.0,0.95,0.94,0.15,1552540000.0,,,99899000.0,490576000.0,62722000.0,-48287000.0,-5492000.0,,,759000.0
AMSF,2017-03-31,False,Q1,2017,10-Q,97542000.0,,13524000.0,0.71,0.7,0.2,1536536000.0,,,39353000.0,467101000.0,23794000.0,-39468000.0,-3909000.0,,,73000.0
AMSF,2016-09-30,False,Q3,2016,10-Q,98206000.0,,17896000.0,0.94,0.93,0.18,1600178000.0,,,86612000.0,509743000.0,82868000.0,-57136000.0,-8601000.0,,,1091000.0
AMSF,2015-12-31,False,FY,2015,10-K,400954000.0,,70462000.0,3.72,3.69,0.6,1502045000.0,,,69481000.0,453981000.0,92859000.0,-49820000.0,-64514000.0,,,953000.0
AMSF,2017-06-30,False,Q2,2017,10-Q,89925000.0,,15481000.0,0.81,0.81,0.2,1559487000.0,,,53967000.0,481392000.0,40798000.0,-37982000.0,-7785000.0,,,240000.0
AMSF,2018-03-31,False,Q1,2018,10-Q,94175000.0,,16169000.0,0.84,0.84,0.22,1530665000.0,,,36072000.0,432068000.0,12666000.0,-27860000.0,-4293000.0,,,868000.0
AMSF,2016-12-31,False,FY,2016,10-K,396662000.0,,77865000.0,4.08,4.05,0.72,1518856000.0,,,58936000.0,456150000.0,114212000.0,-50478000.0,-74279000.0,,,1638000.0
AMSF,2017-09-30,False,Q3,2017,10-Q,92804000.0,,16577000.0,0.86,0.86,0.2,1583248000.0,,,80378000.0,494945000.0,102327000.0,-69236000.0,-11649000.0,,,446000.0
AMSF,2018-09-30,False,Q3,2018,10-Q,93529000.0,,19701000.0,1.03,1.02,0.22,1586969000.0,,,33324000.0,458996000.0,70743000.0,-80124000.0,-12854000.0,,,1083000.0
AMSF,2018-06-30,False,Q2,2018,10-Q,95380000.0,,16956000.0,0.88,0.88,0.22,1554281000.0,,,21176000.0,445391000.0,36984000.0,-62801000.0,-8566000.0,,,1004000.0
AMSF,2017-12-31,False,FY,2017,10-K,375208000.0,,46231000.0,2.41,2.4,0.8,1518236000.0,,,55559000.0,425423000.0,130810000.0,-51542000.0,-82645000.0,,,478000.0
