symbol,end_date,amend,period_focus,fiscal_year,doc_type,revenues,op_income,net_income,eps_basic,eps_diluted,dividend,assets,cur_assets,cur_liab,cash,equity,cash_flow_op,cash_flow_inv,cash_flow_fin,debt,goodwill,cap_ex
ANIK,2012-03-31,False,Q1,2012,10-Q,14360660.0,3063060.0,1912119.0,0.15,0.14,0.0,133228507.0,63952618.0,12880220.0,34003178.0,98260600.0,-1689649.0,-224059.0,108732.0,,9150273.0,224059.0
ANIK,2018-12-31,False,FY,2018,10-K,105555000.0,21749000.0,18722000.0,1.3,1.27,0.0,278993000.0,202943000.0,11289000.0,89042000.0,263612000.0,34918000.0,-50257000.0,-28904000.0,0.0,7851000.0,4656000.0
ANIK,2011-12-31,False,FY,2011,10-K,64778635.0,13967402.0,8466680.0,0.65,0.62,0.0,132844434.0,64137544.0,14538423.0,35777222.0,94762778.0,10173134.0,-1400348.0,-1165340.0,,8883407.0,1400348.0
ANIK,2011-06-30,False,Q2,2011,10-Q,16140852.0,3677577.0,2282641.0,0.18,0.17,0.0,131392567.0,57485437.0,17381704.0,26829029.0,91133919.0,-110499.0,-655784.0,-648233.0,,9871977.0,655784.0
ANIK,2012-09-30,False,Q3,2012,10-Q,14766611.0,2726760.0,1645250.0,0.12,0.11,0.0,134872136.0,68402277.0,12154927.0,39855856.0,103473423.0,5736296.0,-1292487.0,-411565.0,10000000.0,8818920.0,1292487.0
ANIK,2012-06-30,False,Q2,2012,10-Q,19624769.0,6133870.0,3736868.0,0.28,0.26,0.0,136375599.0,69599015.0,15214063.0,37909608.0,100748453.0,3534789.0,-1145493.0,-252642.0,10400000.0,8627518.0,1145493.0
ANIK,2012-12-31,False,FY,2012,10-K,71358505.0,19715198.0,11757460.0,0.89,0.82,0.0,142069051.0,77384490.0,14452618.0,44067477.0,108925134.0,10548677.0,-1504707.0,-758854.0,9600000.0,9065891.0,1504707.0
ANIK,2013-06-30,False,Q2,2013,10-Q,20828377.0,9398492.0,5894892.0,0.44,0.4,0.0,148394650.0,86473938.0,11701318.0,54140459.0,119433839.0,9632926.0,136914.0,335471.0,8800000.0,8923197.0,109871.0
ANIK,2013-09-30,False,Q3,2013,10-Q,17754438.0,7766273.0,4957258.0,0.36,0.33,0.0,156882524.0,95002741.0,10357447.0,64055438.0,128206162.0,17159199.0,295062.0,2496830.0,8400000.0,9275130.0,235803.0
ANIK,2013-03-31,False,Q1,2013,10-Q,15247011.0,5011424.0,3068002.0,0.23,0.21,0.0,141358366.0,78694884.0,10740791.0,50965566.0,112828305.0,6068854.0,99805.0,761658.0,9200000.0,8792165.0,35802.0
ANIK,2013-12-31,False,FY,2013,10-K,75081154.0,32606717.0,20574521.0,1.46,1.39,0.0,156041881.0,94591787.0,9282501.0,63333160.0,135634031.0,25165001.0,-253155.0,-5689229.0,,9443894.0,440890.0
ANIK,2011-09-30,False,Q3,2011,10-Q,18455817.0,4817362.0,2976518.0,0.23,0.22,0.0,129780051.0,58647544.0,15138673.0,29048664.0,92853036.0,2865813.0,-953952.0,-1048230.0,,9327955.0,953952.0
ANIK,2014-06-30,False,Q2,2014,10-Q,26274660.0,15202713.0,9302350.0,0.63,0.6,0.0,179096694.0,119516735.0,7321404.0,84879562.0,162394295.0,20319099.0,-677358.0,1838733.0,,9360884.0,677358.0
ANIK,2014-03-31,False,Q1,2014,10-Q,34010287.0,23870568.0,15030253.0,1.04,0.97,0.0,174061246.0,113484625.0,7711919.0,82160251.0,156570007.0,13596657.0,-276513.0,5504016.0,,9434289.0,276513.0
ANIK,2014-09-30,False,Q3,2014,10-Q,22055423.0,10286218.0,6170800.0,0.42,0.4,0.0,185497590.0,128655654.0,6434123.0,71772194.0,169704505.0,25222372.0,-20919301.0,4267102.0,,8702295.0,920132.0
ANIK,2015-06-30,False,Q2,2015,10-Q,22903561.0,12428688.0,7819557.0,0.52,0.51,0.0,208012150.0,155725537.0,7957304.0,103920222.0,190567411.0,14883955.0,-12902042.0,1902892.0,,7610821.0,1133972.0
ANIK,2015-03-31,False,Q1,2015,10-Q,15520324.0,5504461.0,3515557.0,0.24,0.23,0.0,197684906.0,145921083.0,6157326.0,99802205.0,181815568.0,3983834.0,-6006020.0,1897445.0,,7443429.0,256020.0
ANIK,2015-09-30,False,Q3,2015,10-Q,23681257.0,13135114.0,8379865.0,0.56,0.55,0.0,222850707.0,168283652.0,13244799.0,108469021.0,199754251.0,23790183.0,-17286854.0,1951611.0,,7713039.0,2028093.0
ANIK,2016-06-30,False,Q2,2016,10-Q,26581000.0,13469000.0,8615000.0,0.59,0.57,0.0,222738000.0,154644000.0,10523000.0,89125000.0,204416000.0,6643000.0,-4618000.0,-23659000.0,,7568000.0,9869000.0
ANIK,2016-03-31,False,Q1,2016,10-Q,22283000.0,10709000.0,6895000.0,0.46,0.45,0.0,214457000.0,147900000.0,10865000.0,92837000.0,195368000.0,7680000.0,-1667000.0,-23968000.0,,7790000.0,6418000.0
ANIK,2014-12-31,False,FY,2014,10-K,105594839.0,61446884.0,38319479.0,2.61,2.51,0.0,193996376.0,139025042.0,5973262.0,100155864.0,178097097.0,39978375.0,-8302922.0,5331871.0,0.0,8338699.0,1552922.0
ANIK,2017-03-31,False,Q1,2017,10-Q,23386000.0,8006000.0,5493000.0,0.38,0.37,0.0,247367000.0,177050000.0,10217000.0,119368000.0,230028000.0,15460000.0,-425000.0,41000.0,,7328000.0,1675000.0
ANIK,2016-09-30,False,Q3,2016,10-Q,25789000.0,13689000.0,8952000.0,0.61,0.59,0.0,231062000.0,161074000.0,7589000.0,98047000.0,214543000.0,17957000.0,-7108000.0,-23591000.0,,7690000.0,12608000.0
ANIK,2017-09-30,False,Q3,2017,10-Q,27184000.0,10269000.0,6887000.0,0.47,0.46,0.0,273132000.0,199034000.0,11705000.0,126960000.0,253289000.0,33831000.0,-11756000.0,310000.0,,8104000.0,6506000.0
ANIK,2017-06-30,False,Q2,2017,10-Q,33462000.0,17726000.0,11369000.0,0.78,0.76,0.0,265004000.0,192881000.0,13441000.0,117874000.0,244138000.0,21731000.0,-8417000.0,209000.0,,7836000.0,3917000.0
ANIK,2018-03-31,False,Q1,2018,10-Q,21264000.0,-7832000.0,-6686000.0,-0.46,-0.46,0.0,284336000.0,208187000.0,14122000.0,141797000.0,263766000.0,9592000.0,207000.0,-1223000.0,,8452000.0,2543000.0
ANIK,2018-09-30,False,Q3,2018,10-Q,26787000.0,8573000.0,7599000.0,0.53,0.53,0.0,269264000.0,195591000.0,9305000.0,81825000.0,255265000.0,24905000.0,-47676000.0,-28849000.0,,7959000.0,4493000.0
ANIK,2015-12-31,False,FY,2015,10-K,92999000.0,48134000.0,30758000.0,2.06,2.01,0.0,235748000.0,176433000.0,17278000.0,110707000.0,210848000.0,39064000.0,-30226000.0,1921000.0,,7482000.0,9225000.0
ANIK,2016-12-31,False,FY,2016,10-K,103379000.0,50607000.0,32547000.0,2.22,2.15,0.0,240246000.0,170440000.0,8799000.0,104261000.0,222773000.0,23801000.0,-6763000.0,-23346000.0,,7214000.0,14014000.0
ANIK,2018-06-30,False,Q2,2018,10-Q,30548000.0,11246000.0,10092000.0,0.69,0.68,0.0,265413000.0,190990000.0,12532000.0,126047000.0,246603000.0,14063000.0,7467000.0,-28849000.0,,8013000.0,3283000.0
ANIK,2017-12-31,False,FY,2017,10-K,113420000.0,45729000.0,31816000.0,2.18,2.11,0.0,282617000.0,206327000.0,13073000.0,133256000.0,263491000.0,40812000.0,-12480000.0,314000.0,0.0,8218000.0,8980000.0
