symbol,end_date,amend,period_focus,fiscal_year,doc_type,revenues,op_income,net_income,eps_basic,eps_diluted,dividend,assets,cur_assets,cur_liab,cash,equity,cash_flow_op,cash_flow_inv,cash_flow_fin,debt,goodwill,cap_ex
AOS,2011-09-30,False,Q3,2011,10-Q,412000000.0,,182300000.0,3.94,3.91,0.16,2358700000.0,1227400000.0,619700000.0,440600000.0,1123500000.0,-69400000.0,273000000.0,118100000.0,,427800000.0,36700000.0
AOS,2010-06-30,False,Q2,2010,10-Q,572500000.0,,16600000.0,0.54,0.54,0.195,1967200000.0,841500000.0,672700000.0,94000000.0,824600000.0,50000000.0,-17300000.0,-15000000.0,,567300000.0,21900000.0
AOS,2011-03-31,False,Q1,2011,10-Q,417400000.0,,41000000.0,0.89,0.88,0.14,2205300000.0,987000000.0,555400000.0,124200000.0,921900000.0,-52200000.0,-15500000.0,73000000.0,,325300000.0,12400000.0
AOS,2010-09-30,False,Q3,2010,10-Q,559400000.0,,32000000.0,1.05,1.04,0.21,2006600000.0,876400000.0,685800000.0,109100000.0,861900000.0,68800000.0,-44400000.0,8400000.0,,569300000.0,47600000.0
AOS,2011-06-30,False,Q2,2011,10-Q,405300000.0,,50300000.0,1.09,1.08,0.14,2143100000.0,991200000.0,535900000.0,108200000.0,969800000.0,-87200000.0,-26000000.0,102500000.0,,325700000.0,24300000.0
AOS,2010-12-31,False,FY,2010,10-K,1489300000.0,,111700000.0,2.44,2.42,0.0,2112000000.0,896000000.0,536800000.0,118900000.0,881400000.0,124800000.0,-66500000.0,-15700000.0,,323800000.0,53500000.0
AOS,2012-09-30,False,Q3,2012,10-Q,462200000.0,63400000.0,37000000.0,0.8,0.79,0.2,2235300000.0,1088400000.0,462800000.0,279600000.0,1191400000.0,73700000.0,-54500000.0,-203000000.0,,435900000.0,44500000.0
AOS,2018-12-31,False,FY,2018,10-K,3187900000.0,613400000.0,444200000.0,2.6,2.58,0.76,3071500000.0,1638500000.0,785300000.0,259700000.0,1717000000.0,448900000.0,-12700000.0,-523100000.0,221400000.0,513000000.0,85200000.0
AOS,2012-06-30,False,Q2,2012,10-Q,484200000.0,63500000.0,35000000.0,0.76,0.75,0.16,2191600000.0,1053800000.0,459400000.0,259600000.0,1157800000.0,3600000.0,-17800000.0,-189600000.0,,434000000.0,30300000.0
AOS,2013-06-30,False,Q2,2013,10-Q,549100000.0,77400000.0,42100000.0,0.45,0.45,0.12,2295200000.0,1125600000.0,490100000.0,366100000.0,1256500000.0,105000000.0,56200000.0,-62000000.0,,433800000.0,38200000.0
AOS,2012-03-31,False,Q1,2012,10-Q,468600000.0,56400000.0,47500000.0,1.03,1.02,0.16,2250200000.0,1106700000.0,502400000.0,367200000.0,1140700000.0,-3500000.0,48900000.0,-141600000.0,,435100000.0,13100000.0
AOS,2013-03-31,False,Q1,2013,10-Q,509600000.0,72300000.0,39000000.0,0.42,0.42,0.1,2267100000.0,1105800000.0,477100000.0,306900000.0,1235700000.0,35800000.0,26800000.0,-22600000.0,,436000000.0,18400000.0
AOS,2012-12-31,False,FY,2012,10-K,1939300000.0,259400000.0,158700000.0,3.44,3.41,0.72,2265200000.0,1107200000.0,499000000.0,266900000.0,1194100000.0,143800000.0,-86800000.0,-253500000.0,243700000.0,435400000.0,69900000.0
AOS,2011-12-31,False,FY,2011,10-K,1710500000.0,,305700000.0,6.63,6.57,0.6,2349000000.0,1208700000.0,519900000.0,463400000.0,1085800000.0,58700000.0,125600000.0,160200000.0,461600000.0,433800000.0,53500000.0
AOS,2013-09-30,False,Q3,2013,10-Q,536200000.0,78300000.0,46200000.0,0.5,0.5,0.12,2348900000.0,1165000000.0,535200000.0,374100000.0,1252600000.0,188000000.0,24900000.0,-105700000.0,,434900000.0,65700000.0
AOS,2014-03-31,False,Q1,2014,10-Q,552200000.0,80400000.0,46700000.0,0.51,0.51,0.15,2381200000.0,1198200000.0,536500000.0,369800000.0,1343400000.0,11800000.0,-25400000.0,2700000.0,,431500000.0,25300000.0
AOS,2014-09-30,False,Q3,2014,10-Q,581600000.0,83000000.0,50600000.0,0.56,0.56,0.15,2486800000.0,1294800000.0,587300000.0,400500000.0,1375200000.0,163800000.0,-85400000.0,-58600000.0,,430700000.0,66000000.0
AOS,2014-06-30,False,Q2,2014,10-Q,595400000.0,92500000.0,57300000.0,0.63,0.63,0.15,2430700000.0,1233900000.0,550000000.0,393700000.0,1356700000.0,89800000.0,-50700000.0,-26100000.0,,433300000.0,50800000.0
AOS,2015-03-31,False,Q1,2015,10-Q,618500000.0,97400000.0,58400000.0,0.65,0.65,0.19,2565300000.0,1376300000.0,595800000.0,284100000.0,1405100000.0,-3400000.0,-82800000.0,50900000.0,,424600000.0,14900000.0
AOS,2015-06-30,False,Q2,2015,10-Q,653500000.0,116900000.0,71100000.0,0.8,0.79,0.19,2589800000.0,1400000000.0,579100000.0,248100000.0,1436500000.0,58200000.0,-112600000.0,-16900000.0,,425400000.0,31000000.0
AOS,2015-12-31,False,FY,2015,10-K,2536500000.0,452900000.0,282900000.0,3.19,3.16,0.76,2646500000.0,1455300000.0,653200000.0,323600000.0,1442300000.0,344400000.0,-186100000.0,-154100000.0,249000000.0,420900000.0,72700000.0
AOS,2013-12-31,False,FY,2013,10-K,550900000.0,299900000.0,169700000.0,1.84,1.83,0.46,2391500000.0,1205600000.0,590900000.0,380700000.0,1328700000.0,279600000.0,-8200000.0,-157600000.0,191900000.0,433500000.0,97700000.0
AOS,2015-09-30,False,Q3,2015,10-Q,625100000.0,117900000.0,73600000.0,0.83,0.82,0.19,2600200000.0,1413800000.0,624100000.0,282900000.0,1422400000.0,231300000.0,-161500000.0,-106300000.0,,422500000.0,53100000.0
AOS,2016-03-31,False,Q1,2016,10-Q,636900000.0,118700000.0,73500000.0,0.84,0.83,0.24,2650600000.0,1425900000.0,602000000.0,305500000.0,1478500000.0,26500000.0,-30500000.0,-14100000.0,,423400000.0,19400000.0
AOS,2014-12-31,False,FY,2014,10-K,2356000000.0,345300000.0,207800000.0,2.3,2.28,0.6,2515300000.0,1319000000.0,605200000.0,319400000.0,1381300000.0,263900000.0,-206000000.0,-119200000.0,223800000.0,428800000.0,86100000.0
AOS,2016-06-30,False,Q2,2016,10-Q,667000000.0,137200000.0,87100000.0,1.0,0.98,0.24,2672200000.0,1449000000.0,615600000.0,287400000.0,1480700000.0,155100000.0,-103600000.0,-87700000.0,,423400000.0,37700000.0
AOS,2017-03-31,False,Q1,2017,10-Q,740000000.0,136600000.0,87700000.0,0.51,0.5,0.14,2940200000.0,1605500000.0,720500000.0,293400000.0,1566400000.0,-11500000.0,-17900000.0,-7600000.0,,491800000.0,16800000.0
AOS,2017-06-30,False,Q2,2017,10-Q,738200000.0,141600000.0,92400000.0,0.53,0.53,0.14,2984000000.0,1640300000.0,705800000.0,306600000.0,1613700000.0,73200000.0,-36200000.0,-60800000.0,,493100000.0,36300000.0
AOS,2016-09-30,False,Q3,2016,10-Q,683900000.0,131600000.0,83200000.0,0.48,0.47,0.12,2824400000.0,1507600000.0,682100000.0,269300000.0,1525600000.0,263600000.0,-246500000.0,-71400000.0,,491800000.0,58700000.0
AOS,2017-09-30,False,Q3,2017,10-Q,749900000.0,144000000.0,93700000.0,0.54,0.54,0.14,3104600000.0,1698100000.0,731700000.0,321900000.0,1665900000.0,150200000.0,-111500000.0,-47200000.0,,516300000.0,66400000.0
AOS,2016-12-31,False,FY,2016,10-K,2685900000.0,515000000.0,326500000.0,1.87,1.85,0.48,2891000000.0,1562000000.0,765600000.0,330400000.0,1515300000.0,446600000.0,-300200000.0,-139600000.0,323600000.0,491500000.0,80700000.0
AOS,2017-12-31,False,FY,2017,10-K,2996700000.0,577900000.0,296500000.0,1.72,1.7,0.56,3197300000.0,1766800000.0,788500000.0,346600000.0,1648800000.0,326400000.0,-158100000.0,-152100000.0,410400000.0,516700000.0,94200000.0
AOS,2018-03-31,False,Q1,2018,10-Q,788000000.0,142000000.0,98800000.0,0.58,0.57,0.18,3106900000.0,1669100000.0,766900000.0,241900000.0,1708400000.0,43200000.0,34900000.0,-182800000.0,,515700000.0,17300000.0
AOS,2018-09-30,False,Q3,2018,10-Q,754100000.0,144700000.0,104600000.0,0.61,0.61,0.18,3025200000.0,1598700000.0,738900000.0,233000000.0,1756200000.0,289200000.0,14400000.0,-417200000.0,,515200000.0,58500000.0
AOS,2018-06-30,False,Q2,2018,10-Q,833300000.0,159600000.0,114500000.0,0.67,0.66,0.18,3085300000.0,1653300000.0,768700000.0,260000000.0,1730300000.0,173200000.0,34100000.0,-293900000.0,,514700000.0,39500000.0
