symbol,end_date,amend,period_focus,fiscal_year,doc_type,revenues,op_income,net_income,eps_basic,eps_diluted,dividend,assets,cur_assets,cur_liab,cash,equity,cash_flow_op,cash_flow_inv,cash_flow_fin,debt,goodwill,cap_ex
APDN,2018-12-31,False,Q1,2019,10-Q,884322.0,-3196159.0,-3234320.0,-0.11,-0.11,0.0,6148777.0,4600054.0,2733208.0,3137844.0,766021.0,-1513668.0,-52051.0,3043999.0,,285386.0,52051.0
APDN,2013-12-31,True,Q1,2014,10-Q,597354.0,-3812743.0,-6291650.0,-0.01,-0.01,0.0,6240605.0,5075107.0,1534962.0,4199343.0,1882478.0,-2066448.0,-94510.0,,,,94510.0
APDN,2013-09-30,False,FY,2013,10-K,2036222.0,-10175837.0,-17686472.0,-0.03,-0.03,0.0,8374966.0,7207035.0,1115480.0,6360301.0,4616037.0,-7870353.0,-1220628.0,14726500.0,,,636548.0
APDN,2013-03-31,False,Q2,2013,10-Q,344605.0,-2608117.0,-3127631.0,-0.0,-0.0,0.0,5073039.0,4838682.0,809723.0,4405610.0,-3770526.0,-3889111.0,-30061.0,7600000.0,,,30061.0
APDN,2013-12-31,False,Q1,2014,10-Q,597354.0,-3812743.0,-6291650.0,-0.01,-0.01,0.0,6240605.0,5075107.0,1534962.0,4199343.0,1882478.0,-2066448.0,-94510.0,,,,94510.0
APDN,2015-06-30,False,Q3,2015,10-Q,2267671.0,-1672216.0,-1670882.0,-0.08,-0.08,0.0,14123437.0,13017731.0,1623478.0,10730144.0,12499959.0,-5226713.0,-459741.0,15023466.0,,,221659.0
APDN,2012-09-30,False,FY,2012,10-K,1854694.0,-6507649.0,-7150712.0,-0.01,-0.01,0.0,1348934.0,1101813.0,592009.0,724782.0,756925.0,-3960679.0,-162833.0,2101000.0,,,162833.0
APDN,2014-03-31,False,Q2,2014,10-Q,637146.0,-3127185.0,-2750436.0,0.0,0.0,0.0,3782422.0,2702413.0,1735332.0,1988184.0,-320176.0,-4262536.0,-109581.0,,,,109581.0
APDN,2014-06-30,False,Q3,2014,10-Q,841197.0,-2487010.0,-1919057.0,0.0,0.0,0.0,3771015.0,2714782.0,1608063.0,2025716.0,311229.0,-6271019.0,-209522.0,2145956.0,,,209522.0
APDN,2015-03-31,False,Q2,2015,10-Q,1518761.0,-1878905.0,-1885582.0,-0.11,-0.11,0.0,3626836.0,2299947.0,1671475.0,984050.0,1955361.0,-3971707.0,-232875.0,3795500.0,,,197875.0
APDN,2014-12-31,False,Q1,2015,10-Q,1241802.0,-3817702.0,-7828644.0,-0.51,-0.51,0.0,5022314.0,4135228.0,1721373.0,2871570.0,3300941.0,-2355835.0,-30825.0,3865098.0,,,30825.0
APDN,2013-06-30,False,Q3,2013,10-Q,644842.0,-2843234.0,-2135612.0,-0.0,-0.0,0.0,3840985.0,2561009.0,1533478.0,1831791.0,2307507.0,-5696917.0,-797574.0,7601500.0,,,213494.0
APDN,2012-12-31,False,Q1,2013,10-Q,317670.0,-2372158.0,-8704757.0,-0.01,-0.01,0.0,1624673.0,1398547.0,808803.0,984410.0,-6698052.0,-1740372.0,,2000000.0,,,
APDN,2014-09-30,False,FY,2014,10-K,2721224.0,-12271541.0,-13066661.0,-0.97,-0.97,0.0,3506057.0,2363315.0,3878121.0,1393132.0,-1468476.0,-8512738.0,-229591.0,3775160.0,,,229591.0
APDN,2013-09-30,True,FY,2013,10-K,2036222.0,-10175837.0,-17686472.0,-0.03,-0.03,0.0,8374966.0,7207035.0,1115480.0,6360301.0,4616037.0,-7870353.0,-1220628.0,14726500.0,,,636548.0
APDN,2011-06-30,False,Q3,2011,10-Q,229710.0,-1490958.0,-2154995.0,-0.01,-0.01,0.0,893586.0,292972.0,4868054.0,12464.0,-3974468.0,-2200654.0,,2195500.0,,,
APDN,2012-03-31,False,Q2,2012,10-Q,518402.0,-1501049.0,-1543882.0,0.0,0.0,0.0,1452015.0,1203735.0,638232.0,856574.0,813783.0,-1843587.0,-47133.0,,,,47133.0
APDN,2011-12-31,False,Q1,2012,10-Q,516904.0,-1812370.0,-2409905.0,0.0,0.0,0.0,2521739.0,2218294.0,3875536.0,1935779.0,-1353797.0,-811515.0,,,,,
APDN,2012-06-30,False,Q3,2012,10-Q,528574.0,-1427223.0,-1429645.0,-0.0,-0.0,0.0,1970181.0,1806580.0,653910.0,1256094.0,1316271.0,-2968008.0,-65792.0,1542600.0,,,65792.0
APDN,2011-09-30,False,FY,2011,10-K,968848.0,-8056457.0,-10515124.0,-0.03,-0.03,0.0,3503556.0,3032171.0,4498941.0,2747294.0,-995385.0,-3761716.0,-89108.0,6580500.0,,,89108.0
APDN,2015-12-31,False,Q1,2016,10-Q,1324114.0,-2920528.0,-2926270.0,-0.13,-0.13,0.0,20484518.0,16494259.0,2168521.0,12382907.0,17995597.0,-2720746.0,-66096.0,7857565.0,,285386.0,51795.0
APDN,2016-03-31,False,Q2,2016,10-Q,573322.0,-3447207.0,-3467623.0,-0.14,-0.14,0.0,17711584.0,14939048.0,2683936.0,9785827.0,15027648.0,-5223699.0,-160223.0,7857565.0,,285386.0,128370.0
APDN,2017-06-30,False,Q3,2017,10-Q,1797382.0,-2602319.0,-2610849.0,-0.1,-0.1,0.0,10422743.0,8143573.0,2404989.0,2402809.0,8017754.0,-6565280.0,-111312.0,4600127.0,,285386.0,111312.0
APDN,2017-03-31,False,Q2,2017,10-Q,905373.0,-3421631.0,-3428856.0,-0.13,-0.13,0.0,13216973.0,9749200.0,3221294.0,4020412.0,9290946.0,-4699015.0,-93694.0,4333847.0,,285386.0,93694.0
APDN,2018-06-30,False,Q3,2018,10-Q,2298152.0,-2866370.0,-2887723.0,-0.1,-0.1,0.0,6607975.0,4827842.0,3116794.0,2514816.0,3058130.0,-4408333.0,-269520.0,4232888.0,,285386.0,269520.0
APDN,2016-06-30,False,Q3,2016,10-Q,652896.0,-3422341.0,-3367011.0,-0.14,-0.14,0.0,15218773.0,12142734.0,3032951.0,7086773.0,12185822.0,-7450315.0,-632661.0,7857565.0,,285386.0,594808.0
APDN,2016-12-31,False,Q1,2017,10-Q,903008.0,-3953346.0,-3961384.0,-0.16,-0.16,0.0,16769627.0,13314313.0,3992728.0,6701586.0,12181899.0,-2068888.0,-42647.0,4333847.0,,285386.0,42647.0
APDN,2016-09-30,False,FY,2016,10-K,4186427.0,-12199858.0,-12175979.0,-0.51,-0.51,0.0,15565831.0,11351934.0,4084929.0,4479274.0,10365402.0,-9896727.0,-779762.0,7843579.0,,285386.0,672859.0
APDN,2015-09-30,False,FY,2015,10-K,9008499.0,-7853974.0,-11881137.0,-0.63,-0.63,0.0,15554312.0,11535052.0,2667056.0,7312184.0,12566856.0,-6965846.0,-2138568.0,15023466.0,,285386.0,351615.0
APDN,2018-09-30,False,FY,2018,10-K,3903343.0,-11646308.0,-11692928.0,-0.4,-0.4,0.0,5633733.0,4002045.0,2821860.0,1659564.0,754503.0,-6917209.0,-266008.0,5883000.0,,285386.0,266008.0
APDN,2017-09-30,False,FY,2017,10-K,4751260.0,-12820142.0,-12855767.0,-0.49,-0.49,0.0,8153948.0,6241172.0,1295868.0,2959781.0,6858080.0,-7479184.0,-145436.0,6105127.0,,285386.0,145436.0
APDN,2017-12-31,False,Q1,2018,10-Q,647677.0,-3174632.0,-3183712.0,-0.12,-0.12,0.0,9608977.0,7774426.0,,4764553.0,8138481.0,-2572772.0,-48349.0,4425893.0,,285386.0,48349.0
APDN,2018-03-31,False,Q2,2018,10-Q,1043946.0,-2139904.0,-2146209.0,-0.07,-0.07,0.0,7933543.0,6104369.0,,3709402.0,5707115.0,-3279751.0,-203516.0,4232888.0,,285386.0,203516.0
