symbol,end_date,amend,period_focus,fiscal_year,doc_type,revenues,op_income,net_income,eps_basic,eps_diluted,dividend,assets,cur_assets,cur_liab,cash,equity,cash_flow_op,cash_flow_inv,cash_flow_fin,debt,goodwill,cap_ex
APTS,2014-03-31,False,Q1,2014,10-Q,10182406.0,3879608.0,1331769.0,0.09,0.09,0.16,355334922.0,,,9109413.0,176144739.0,5108766.0,-14052825.0,8873041.0,140873000.0,,299765.0
APTS,2012-12-31,False,FY,2012,10-K,12491235.0,4516447.0,-614530.0,-0.12,-0.12,0.545,123291930.0,,,2973509.0,50057575.0,4178941.0,-32536608.0,,59000000.0,,334401.0
APTS,2018-12-31,False,FY,2018,10-K,397271000.0,139782000.0,-43290000.0,-1.08,-1.08,1.02,4410958000.0,,,38958000.0,1609385000.0,145381000.0,-881805000.0,751102000.0,2299625000.0,,44383000.0
APTS,2013-06-30,False,Q2,2013,10-Q,7668708.0,,-10363876.0,-1.26,-1.26,0.15,260388200.0,,,7542943.0,112656699.0,3239751.0,-67846394.0,69176077.0,127516000.0,,642428.0
APTS,2012-09-30,False,Q3,2012,10-Q,3243251.0,1255112.0,-18764.0,0.0,0.0,0.0014,116872812.0,,,2496308.0,43587624.0,3022896.0,-26622541.0,21547933.0,70637000.0,,290051.0
APTS,2013-09-30,False,Q3,2013,10-Q,18835851.0,,-879697.0,-0.04,-0.08,0.15,279826140.0,,,5453006.0,121688620.0,6075055.0,-91863278.0,88267720.0,127516000.0,,1129263.0
APTS,2013-03-31,False,Q1,2013,10-Q,12651729.0,,-3124343.0,-0.98,-0.79,0.145,221764111.0,,,5447498.0,64774696.0,756390.0,-27984178.0,,114682000.0,,103482.0
APTS,2014-06-30,False,Q2,2014,10-Q,12065190.0,4208870.0,797053.0,0.05,0.05,0.16,382585772.0,,,9677630.0,196427582.0,10572859.0,-40834746.0,30759086.0,140816950.0,,996571.0
APTS,2014-09-30,False,Q3,2014,10-Q,13182660.0,-1079326.0,-5112684.0,-0.29,-0.29,0.16,688340520.0,,,13587705.0,242961014.0,9997584.0,-332851940.0,327261630.0,345373830.0,,1661807.0
APTS,2011-06-30,False,Q2,2011,10-Q,1878271.0,-3309717.0,-3980615.0,-0.81,-0.81,0.0,97245235.0,,,5574818.0,39860872.0,-819808.0,-93295224.0,99667575.0,55637000.0,,59185.0
APTS,2013-12-31,False,FY,2013,10-K,28531935.0,1644626.0,-14992930.0,-1.45,-1.59,0.605,341636695.0,,,9180431.0,166052719.0,8686070.0,-137725734.0,135246586.0,140516000.0,,1341777.0
APTS,2011-12-31,False,FY,2011,10-K,7150703.0,-6071403.0,-8495424.0,-2.23,-2.23,0.0,92465540.0,,,4548020.0,34617901.0,527960.0,-93684911.0,97682696.0,55637000.0,,458272.0
APTS,2011-09-30,False,Q3,2011,10-Q,2633628.0,-2069051.0,-2900704.0,-0.56,-0.56,0.0,94171549.0,,,5046153.0,36385815.0,-266212.0,-93597629.0,98887719.0,55637000.0,,328848.0
APTS,2014-12-31,False,FY,2014,10-K,56536370.0,12315390.0,-5312921.0,-0.31,-0.31,0.655,696410412.0,,,3113270.0,291581874.0,15436062.0,-356423742.0,334920519.0,354418668.0,,2118349.0
APTS,2015-06-30,False,Q2,2015,10-Q,24088827.0,5109304.0,-3679421.0,-0.17,-0.17,0.18,909057804.0,,,6868542.0,390192863.0,18298243.0,-227573248.0,213030277.0,484449892.0,,1656383.0
APTS,2015-03-31,False,Q1,2015,10-Q,21344515.0,3612186.0,-3934990.0,-0.18,-0.18,0.175,788866257.0,,,7614793.0,335092407.0,7736003.0,-92872454.0,89637974.0,404525906.0,,466840.0
APTS,2012-06-30,False,Q1,2012,10-Q,2860981.0,816451.0,-313556.0,-0.06,-0.06,0.0,100021726.0,,,2925216.0,42032423.0,1797386.0,-10083300.0,6663110.0,55637000.0,,221925.0
APTS,2012-03-31,False,Q1,2012,10-Q,2634901.0,601743.0,-477355.0,-0.09,-0.09,0.0,93490117.0,,,5237372.0,35723910.0,927394.0,-854397.0,616355.0,55637000.0,,156545.0
APTS,2015-09-30,False,Q3,2015,10-Q,29955693.0,4120993.0,-6800672.0,-0.31,-0.31,0.18,1104840196.0,,,8046824.0,443546594.0,28188128.0,-385714185.0,362459611.0,590804256.0,,3007537.0
APTS,2016-09-30,False,Q3,2016,10-Q,53537337.0,9545554.0,-13624001.0,-0.56,-0.56,0.2025,2123537070.0,,,10462384.0,784749240.0,53857371.0,-833091140.0,787256548.0,1164018343.0,,7613065.0
APTS,2016-03-31,False,Q1,2016,10-Q,41735781.0,5505340.0,-11184115.0,-0.49,-0.49,0.1925,1536835447.0,,,4703505.0,605825861.0,13390115.0,-252960791.0,241834576.0,807648448.0,,1461711.0
APTS,2017-03-31,False,Q1,2017,10-Q,66561335.0,14346123.0,14674662.0,0.54,0.54,0.22,2544429342.0,,,13365130.0,967260968.0,18276591.0,-69507992.0,52274744.0,1371616155.0,,3680079.0
APTS,2015-12-31,False,FY,2015,10-K,109305512.0,18889742.0,-21171858.0,-0.95,-0.95,0.7275,1295529033.0,,,2439605.0,525453790.0,35221423.0,-533510211.0,497615123.0,688845774.0,,4239725.0
APTS,2016-12-31,False,FY,2016,10-K,200118915.0,30169224.0,-50629611.0,-2.11,-2.11,0.8175,2420832602.0,,,12321787.0,885261162.0,61661469.0,-1126583594.0,1074804307.0,1305870471.0,,10263736.0
APTS,2017-09-30,False,Q3,2017,10-Q,74900199.0,16721197.0,-16383638.0,-0.49,-0.49,0.235,2927719268.0,,,17054190.0,1170151180.0,70446675.0,-422213001.0,356498729.0,1569569425.0,,12200993.0
APTS,2016-06-30,False,Q2,2016,10-Q,45853944.0,5505474.0,-9239588.0,-0.4,-0.4,0.2025,1757008533.0,,,5717111.0,686921662.0,32859760.0,-463089008.0,433506754.0,943498362.0,,4000551.0
APTS,2017-06-30,False,Q2,2017,10-Q,70890913.0,13675576.0,-12033495.0,-0.4,-0.4,0.235,2639532522.0,,,13055897.0,1077401550.0,42349643.0,-137847753.0,96232220.0,1400670042.0,,7763257.0
APTS,2018-06-30,False,Q2,2018,10-Q,96389000.0,17013000.0,-26068000.0,-0.66,-0.66,0.255,3908226000.0,,,21303000.0,1433477000.0,73163000.0,-371626000.0,300736000.0,1998514000.0,,18268000.0
APTS,2018-03-31,False,Q1,2018,10-Q,90370000.0,14877000.0,-5636000.0,-0.14,-0.14,4.79,3394174000.0,,,19711000.0,1360832000.0,31418000.0,-157066000.0,120030000.0,1871966000.0,,7637000.0
APTS,2017-12-31,False,FY,2017,10-K,294004615.0,59388057.0,-35985063.0,-1.13,-1.13,0.94,3252369625.0,,,21042862.0,1280765693.0,86289071.0,-723752904.0,646184908.0,1776652171.0,,17787037.0
APTS,2018-09-30,False,Q3,2018,10-Q,104232000.0,15275000.0,-14227000.0,-0.35,-0.35,4.79,4149982000.0,,,26840000.0,1512382000.0,111974000.0,-625683000.0,527068000.0,2140583000.0,,36288000.0
