symbol,end_date,amend,period_focus,fiscal_year,doc_type,revenues,op_income,net_income,eps_basic,eps_diluted,dividend,assets,cur_assets,cur_liab,cash,equity,cash_flow_op,cash_flow_inv,cash_flow_fin,debt,goodwill,cap_ex
ARI,2012-09-30,False,Q3,2012,10-Q,,,10992000.0,0.52,0.52,0.4,684241000.0,,,67994000.0,427421000.0,32660000.0,255748000.0,-241982000.0,242970000.0,,
ARI,2013-09-30,False,Q3,2013,10-Q,3000.0,,11041000.0,0.29,0.29,0.0,952751000.0,,,86824000.0,682887000.0,33851000.0,-143050000.0,87404000.0,227167000.0,,
ARI,2018-12-31,False,FY,2018,10-K,,,192646000.0,1.52,1.48,1.84,5095819000.0,,,109806000.0,2509747000.0,265964000.0,-998922000.0,765093000.0,728638000.0,,
ARI,2012-12-31,False,FY,2012,10-K,7000.0,,37102000.0,1.64,1.64,0.4,788430000.0,,,108619000.0,546924000.0,40104000.0,192933000.0,-145986000.0,225158000.0,,
ARI,2014-03-31,False,Q1,2014,10-Q,,,15720000.0,0.42,0.42,0.4,1015611000.0,,,126473000.0,687912000.0,11408000.0,8337000.0,86632000.0,133899000.0,,
ARI,2013-06-30,False,Q2,2013,10-Q,16000.0,,9929000.0,0.27,0.27,0.4,898119000.0,,,156797000.0,685994000.0,23224000.0,-59038000.0,83992000.0,191312000.0,,
ARI,2013-03-31,False,Q1,2013,10-Q,,,10072000.0,0.33,0.33,0.4,923512000.0,,,225723000.0,691185000.0,11918000.0,-16518000.0,121704000.0,211944000.0,,
ARI,2014-06-30,False,Q2,2014,10-Q,,,22098000.0,0.51,0.51,0.4,1554750000.0,,,63335000.0,849998000.0,27132000.0,-579852000.0,595959000.0,146698000.0,,
ARI,2013-12-31,False,FY,2013,10-K,,,45045000.0,1.26,1.26,0.0,907504000.0,,,20096000.0,682956000.0,45983000.0,-165819000.0,31313000.0,133899000.0,,
ARI,2015-03-31,False,Q1,2015,10-Q,,,23653000.0,0.52,0.52,0.44,2022371000.0,,,39962000.0,1046482000.0,17411000.0,-171565000.0,153475000.0,300005000.0,,
ARI,2012-06-30,False,Q2,2012,10-Q,117000.0,,1514000.0,0.47,0.47,0.4,703514000.0,,,11959000.0,341318000.0,15423000.0,184097000.0,-209129000.0,350696000.0,,
ARI,2012-03-31,False,Q1,2012,10-Q,136000.0,,9093000.0,0.43,0.43,0.4,705221000.0,,,31452000.0,338377000.0,11766000.0,193930000.0,-195812000.0,,,
ARI,2015-06-30,False,Q2,2015,10-Q,,,22798000.0,0.44,0.44,0.44,2333438000.0,,,48848000.0,1044844000.0,40495000.0,-460056000.0,427768000.0,395572000.0,,
ARI,2014-09-30,False,Q3,2014,10-Q,,,17299000.0,0.37,0.37,0.4,1783012000.0,,,58649000.0,855686000.0,40464000.0,-778520000.0,776609000.0,260155000.0,,
ARI,2015-09-30,False,Q3,2015,10-Q,,,23543000.0,0.5,0.5,0.44,2527803000.0,,,20158000.0,1384395000.0,62071000.0,-684346000.0,601792000.0,300005000.0,,
ARI,2014-12-31,False,FY,2014,10-K,,,75299000.0,1.64,1.64,1.6,1845147000.0,,,40641000.0,855069000.0,67037000.0,-886688000.0,840196000.0,300005000.0,,
ARI,2011-06-30,False,Q2,2011,10-Q,3000.0,,6520000.0,0.37,0.37,0.4,895533000.0,,,24481000.0,292538000.0,15983000.0,-56196000.0,26800000.0,,,
ARI,2011-09-30,False,Q3,2011,10-Q,2000.0,,5512000.0,0.28,0.28,0.4,910611000.0,,,44450000.0,336045000.0,24545000.0,-55434000.0,37445000.0,,,
ARI,2016-03-31,False,Q1,2016,10-Q,,,12801000.0,0.46,0.46,0.46,2856496000.0,,,23035000.0,1357050000.0,13598000.0,-183097000.0,125119000.0,635676000.0,,
ARI,2011-12-31,False,FY,2011,10-K,13000.0,,25882000.0,1.35,1.35,0.0,891230000.0,,,21568000.0,336978000.0,35456000.0,-60878000.0,9096000.0,,,
ARI,2016-09-30,False,Q3,2016,10-Q,,,60583000.0,0.52,0.52,0.46,3198947000.0,,,254643000.0,1747035000.0,79739000.0,1387570000.0,-1280081000.0,648086000.0,,
ARI,2015-12-31,False,FY,2015,10-K,,,91372000.0,1.91,1.91,1.78,2719943000.0,,,67415000.0,1375424000.0,88122000.0,-790876000.0,729528000.0,445942000.0,,
ARI,2016-06-30,False,Q2,2016,10-Q,,,4478000.0,0.46,0.46,0.46,2979087000.0,,,38631000.0,1331523000.0,45090000.0,-294322000.0,220448000.0,774522000.0,,
ARI,2018-03-31,False,Q1,2018,10-Q,,,42598000.0,0.51,0.51,0.46,4242172000.0,,,98310000.0,2347530000.0,88279000.0,-155071000.0,87431000.0,800535000.0,,
ARI,2018-06-30,False,Q2,2018,10-Q,,,48512000.0,0.46,0.46,0.46,4981000000.0,,,76384000.0,2342653000.0,171618000.0,-952909000.0,780004000.0,1000854000.0,,
ARI,2017-03-31,False,Q1,2017,10-Q,96308000.0,,37815000.0,0.46,0.46,0.46,3808565000.0,,,142905000.0,1928976000.0,25730000.0,-367347000.0,283526000.0,894031000.0,,
ARI,2016-12-31,False,FY,2016,10-K,349948000.0,,127581000.0,1.96,1.96,1.84,3482977000.0,,,200996000.0,1932227000.0,118881000.0,1039204000.0,-1024504000.0,657452000.0,,
ARI,2017-09-30,False,Q3,2017,10-Q,,,57208000.0,0.46,0.46,0.46,3932942000.0,,,140229000.0,2097577000.0,113477000.0,-508772000.0,272147000.0,840360000.0,,
ARI,2017-12-31,False,FY,2017,10-K,,,156270000.0,1.89,1.89,1.84,4088605000.0,,,77671000.0,2088143000.0,154873000.0,-720714000.0,380059000.0,944529000.0,,
ARI,2017-06-30,False,Q2,2017,10-Q,,,26925000.0,0.51,0.51,0.46,3826537000.0,,,214016000.0,2162692000.0,71462000.0,-308403000.0,245169000.0,794404000.0,,
ARI,2018-09-30,False,Q3,2018,10-Q,,,55381000.0,0.42,0.4,0.46,4974469000.0,,,99188000.0,2518371000.0,221128000.0,-907384000.0,707773000.0,1000185000.0,,
