symbol,end_date,amend,period_focus,fiscal_year,doc_type,revenues,op_income,net_income,eps_basic,eps_diluted,dividend,assets,cur_assets,cur_liab,cash,equity,cash_flow_op,cash_flow_inv,cash_flow_fin,debt,goodwill,cap_ex
ARL,2012-03-31,False,Q1,2012,10-Q,30318000.0,3343000.0,-7477000.0,-0.6,-0.6,0.0,1181654000.0,,,8161000.0,86697000.0,-22846000.0,32021000.0,-21326000.0,,,-394000.0
ARL,2018-09-30,False,Q3,2018,10-Q,33409000.0,5210000.0,20126000.0,1.26,1.26,0.0,1402438000.0,,,600000.0,193339000.0,-11215000.0,-71916000.0,91031000.0,971357000.0,,
ARL,2011-06-30,False,Q2,2011,10-Q,37528000.0,2130000.0,13820000.0,1.2,1.2,0.0,1401351000.0,,,10479000.0,102679000.0,-23126000.0,154971000.0,-134015000.0,,,733000.0
ARL,2012-03-31,False,Q1,2012,10-Q,30318000.0,2768000.0,-8052000.0,-0.65,-0.65,0.0,1181654000.0,,,8161000.0,86122000.0,-22846000.0,32021000.0,-21326000.0,,,-394000.0
ARL,2011-12-31,False,FY,2011,10-K,118357000.0,-45316000.0,-2166000.0,-0.19,-0.19,0.0,1235471000.0,,,20312000.0,95257000.0,23553000.0,301412000.0,-317302000.0,,,4191000.0
ARL,2012-09-30,False,Q3,2012,10-Q,28918.0,3617.0,-49.0,0.0,0.0,0.0,1133590.0,,,6738.0,55679.0,-32671.0,90071.0,-70974.0,,,-2481.0
ARL,2013-06-30,False,Q2,2013,10-Q,27182.0,3863.0,7741.0,0.67,0.67,0.0,1058613.0,,,,57866.0,-12601.0,72805.0,-68012.0,-12695.0,,-3333.0
ARL,2013-09-30,False,Q3,2013,10-Q,27482.0,2508.0,-7329.0,-0.62,-0.62,0.0,1065376.0,,,9425.0,50744.0,-12934.0,71061.0,-65843.0,-12031.0,,-6396.0
ARL,2012-06-30,False,Q2,2012,10-Q,31016000.0,6314000.0,4052000.0,0.1,0.16,0.0,1160245000.0,,,18090000.0,91270000.0,-23308000.0,74529000.0,-53443000.0,,,-862000.0
ARL,2011-09-30,False,Q3,2011,10-Q,34590000.0,2099000.0,-260000.0,-0.02,-0.02,0.0,1324131000.0,,,9360000.0,97284000.0,-15566000.0,244040000.0,-231763000.0,,,2610000.0
ARL,2013-03-31,False,Q1,2013,10-Q,28122.0,4385.0,-239.0,-0.02,-0.02,0.0,1090419.0,,,8262.0,50150.0,-9070.0,23733.0,-23542.0,-12429.0,,-964.0
ARL,2012-12-31,False,FY,2012,10-K,119521.0,17207.0,-8037.0,-0.7,-0.7,0.0,1135345.0,,,17141.0,50471.0,-23111.0,73824.0,-53884.0,-13824.0,,-2507.0
ARL,2013-12-31,False,FY,2013,10-K,89636.0,-12416.0,38824.0,3.37,3.37,0.0,943322.0,,,16437.0,89807.0,-42162.0,251777.0,-206577.0,-11022.0,,-7681.0
ARL,2014-03-31,False,Q1,2014,10-Q,20583.0,1064.0,2937.0,0.25,0.25,0.0,940156.0,,,18384.0,92663.0,-15187.0,14518.0,2616.0,-10473.0,,-1162.0
FIL,2014-06-30,False,Q2,2014,10-Q,20848000.0,440000.0,905000.0,0.08,0.08,0.0,922225000.0,,,13721000.0,93485000.0,-5692000.0,25563000.0,-22587000.0,-11002000.0,,-3137000.0
ARL,2016-03-31,False,Q1,2016,10-Q,29205000.0,3324000.0,-3702000.0,-0.24,-0.24,0.0,1107267000.0,,,15232000.0,172657000.0,-5854000.0,-1398000.0,2259000.0,808501000.0,,
ARL,2014-09-30,False,Q3,2014,10-Q,19326000.0,468000.0,-1746000.0,-0.13,-0.13,0.0,935986000.0,,,4383000.0,97670000.0,-6457000.0,-2835000.0,-2762000.0,-10521000.0,,-3625000.0
ARL,2015-03-31,False,Q1,2015,10-Q,23156000.0,2001000.0,2832000.0,0.21,0.17,0.0,945688000.0,,,19700000.0,126954000.0,30901000.0,-4924000.0,-18576000.0,-10132000.0,,-3457000.0
ARL,2015-09-30,False,Q3,2015,10-Q,27826000.0,2085000.0,-5438000.0,-0.35,-0.35,0.0,1087111000.0,,,11989000.0,178664000.0,-28184000.0,-116345000.0,144219000.0,790363000.0,,
AREI,2014-12-31,False,FY,2014,10-K,79412000.0,-3199000.0,28842000.0,2.28,2.28,0.0,965498000.0,,,12299000.0,124340000.0,-37968000.0,38485000.0,-4655000.0,-10429000.0,,-5019000.0
ARL,2016-06-30,False,Q2,2016,10-Q,30834000.0,4622000.0,2436000.0,0.16,0.16,0.0,1131675000.0,,,19152000.0,175957000.0,34412000.0,-50802000.0,20310000.0,827369000.0,,
ARL,2015-06-30,False,Q2,2015,10-Q,24241000.0,3853000.0,892000.0,0.06,0.05,0.0,1076618000.0,,,19157000.0,185400000.0,-26565000.0,-95658000.0,129081000.0,774669000.0,,
ARL,2016-09-30,False,Q3,2016,10-Q,30067000.0,3795000.0,-4029000.0,-0.26,-0.26,0.0,1139396000.0,,,7343000.0,170734000.0,28533000.0,-62381000.0,25959000.0,833980000.0,,
ARL,2017-03-31,False,Q1,2017,10-Q,31822000.0,4477000.0,-5989000.0,-0.39,-0.39,0.0,1213725000.0,,,55284000.0,169882000.0,-1853000.0,-13353000.0,52968000.0,835295000.0,,
ARL,2015-12-31,False,FY,2015,10-K,104188000.0,6308000.0,-3176000.0,-0.21,-0.21,0.0,1106508000.0,,,15232000.0,176889000.0,-34509000.0,-130348000.0,167790000.0,824830000.0,,
ARL,2017-06-30,False,Q2,2017,10-Q,31587000.0,4828000.0,-11164000.0,-0.72,-0.72,0.0,1232736000.0,,,37585000.0,158144000.0,529000.0,-23188000.0,65687000.0,830697000.0,,
ARL,2018-06-30,False,Q2,2018,10-Q,31607000.0,3617000.0,5629000.0,0.35,0.35,0.0,1349104000.0,,,600000.0,173167000.0,2946000.0,-51838000.0,53122000.0,921837000.0,,
ARL,2017-09-30,False,Q3,2017,10-Q,31807000.0,5410000.0,9087000.0,0.59,0.59,0.0,1232564000.0,,,42950000.0,167756000.0,-23909000.0,-33568000.0,97937000.0,837077000.0,,
ARL,2016-12-31,False,FY,2016,10-K,119663000.0,14634000.0,-3833000.0,-0.25,-0.25,0.0,1174909000.0,,,12822000.0,176131000.0,17446000.0,-61100000.0,45944000.0,851095000.0,,
ARL,2018-03-31,False,Q1,2018,10-Q,31083000.0,4918000.0,-885000.0,-0.06,-0.06,0.0,1312323000.0,,,96282000.0,167097000.0,3505000.0,-26091000.0,30330000.0,892914000.0,,
ARL,2017-12-31,False,FY,2017,10-K,126221000.0,17428000.0,-9536000.0,-0.61,-0.61,0.0,1296720000.0,,,45618000.0,165883000.0,-37345000.0,-90028000.0,152771000.0,901084000.0,,
