symbol,end_date,amend,period_focus,fiscal_year,doc_type,revenues,op_income,net_income,eps_basic,eps_diluted,dividend,assets,cur_assets,cur_liab,cash,equity,cash_flow_op,cash_flow_inv,cash_flow_fin,debt,goodwill,cap_ex
ARNA,2018-12-31,False,FY,2018,10-K,20477000.0,-144783000.0,-29399000.0,-0.61,-0.61,0.0,686903000.0,460725000.0,29918000.0,161037000.0,606258000.0,-132212000.0,-251273000.0,385031000.0,,,692000.0
ARNA,2011-12-31,False,FY,2011,10-K,12719000.0,-82799000.0,-111484000.0,-0.8,-0.8,0.0,157129000.0,60260000.0,14360000.0,57632000.0,10562000.0,-78257000.0,-672000.0,-14158000.0,,,619000.0
ARNA,2012-03-31,False,Q1,2012,10-Q,2189000.0,-19603000.0,-29401000.0,-0.18,-0.18,0.0,187799000.0,91975000.0,12183000.0,88193000.0,44826000.0,-22250000.0,-224000.0,52458000.0,,,274000.0
ARNA,2012-06-30,False,Q2,2012,10-Q,21977000.0,1860000.0,-22099000.0,-0.12,-0.12,0.0,259003000.0,167252000.0,18752000.0,143811000.0,107775000.0,-34485000.0,-599000.0,121202000.0,,,636000.0
ARNA,2011-06-30,False,Q2,2011,10-Q,3259000.0,-19984000.0,-22908000.0,-0.16,-0.16,0.0,210198000.0,101903000.0,18284000.0,97594000.0,60158000.0,-43989000.0,-230000.0,-10054000.0,,,252000.0
ARNA,2011-09-30,False,Q3,2011,10-Q,3459000.0,-19302000.0,-22736000.0,-0.16,-0.16,0.0,184999000.0,82384000.0,18380000.0,77883000.0,35139000.0,-62535000.0,-315000.0,-10246000.0,,,347000.0
ARNA,2012-09-30,False,Q3,2012,10-Q,1485000.0,-19090000.0,-15521000.0,-0.07,-0.07,0.0,264160000.0,173693000.0,18599000.0,165774000.0,117266000.0,-35008000.0,-1354000.0,143903000.0,,,1035000.0
ARNA,2013-03-31,False,Q1,2013,10-Q,2373000.0,-21004000.0,-18876000.0,-0.09,-0.09,0.0,236657000.0,148669000.0,27236000.0,136250000.0,80422000.0,-18224000.0,-1318000.0,78000.0,,,1266000.0
ARNA,2013-09-30,False,Q3,2013,10-Q,3578000.0,-19866000.0,-17200000.0,-0.08,-0.08,0.0,294703000.0,206562000.0,59800000.0,180703000.0,112072000.0,27280000.0,-4073000.0,1469000.0,,,4600000.0
ARNA,2013-06-30,False,Q2,2013,10-Q,68927000.0,39906000.0,40100000.0,0.18,0.18,0.0,277954000.0,190420000.0,26588000.0,178905000.0,124942000.0,25481000.0,-2861000.0,1229000.0,,,3150000.0
ARNA,2012-12-31,False,FY,2012,10-K,27587000.0,-57113000.0,-88301000.0,-0.45,-0.45,0.0,261206000.0,171159000.0,29914000.0,156091000.0,98639000.0,-44047000.0,-2171000.0,144106000.0,,,1777000.0
ARNA,2013-12-31,False,FY,2013,10-K,81394000.0,-22935000.0,-19435000.0,-0.09,-0.09,0.0,339807000.0,248810000.0,70744000.0,221878000.0,91857000.0,72800000.0,-8665000.0,1651000.0,,,9164000.0
ARNA,2014-03-31,False,Q1,2014,10-Q,6814000.0,-23538000.0,-25255000.0,-0.12,-0.12,0.0,367696000.0,276368000.0,66966000.0,203272000.0,126055000.0,-19116000.0,-2215000.0,2461000.0,,,2469000.0
ARNA,2015-09-30,False,Q3,2015,10-Q,9138000.0,-25181000.0,-26418000.0,-0.11,-0.11,0.0,286127000.0,200216000.0,47578000.0,181280000.0,82201000.0,-73239000.0,-8623000.0,101105000.0,,,10800000.0
ARNA,2014-06-30,False,Q2,2014,10-Q,12801000.0,-25366000.0,7480000.0,0.03,0.03,0.0,334672000.0,243734000.0,61296000.0,200798000.0,102842000.0,-53035000.0,29114000.0,3285000.0,,,4419000.0
ARNA,2015-03-31,False,Q1,2015,10-Q,12256000.0,-21744000.0,-24295000.0,-0.1,-0.1,0.0,362289000.0,268624000.0,74364000.0,240981000.0,128934000.0,-23017000.0,-1069000.0,101409000.0,,,1069000.0
ARNA,2014-09-30,False,Q3,2014,10-Q,8164000.0,-26209000.0,-10672000.0,-0.05,-0.05,0.0,296672000.0,209077000.0,56046000.0,188328000.0,76286000.0,-78992000.0,43365000.0,3385000.0,,,6444000.0
ARNA,2016-03-31,False,Q1,2016,10-Q,9847000.0,-19195000.0,-21548000.0,-0.09,-0.09,0.0,241364000.0,160115000.0,50473000.0,139533000.0,37558000.0,-17579000.0,-112000.0,-560000.0,,,247000.0
ARNA,2014-12-31,False,FY,2014,10-K,36970000.0,-105273000.0,-60508000.0,-0.28,-0.28,0.0,276385000.0,181896000.0,67362000.0,163209000.0,47345000.0,-101398000.0,40904000.0,3168000.0,,,8905000.0
ARNA,2016-09-30,False,Q3,2016,10-Q,19242000.0,-9857000.0,-12357000.0,-0.05,-0.05,0.0,210248000.0,134867000.0,60508000.0,101629000.0,4077000.0,-53466000.0,-517000.0,-1901000.0,,,644000.0
ARNA,2017-06-30,False,Q2,2017,10-Q,1800000.0,-21237000.0,-23317000.0,-0.77,-0.77,0.0,189365000.0,143598000.0,44698000.0,130763000.0,82523000.0,-42185000.0,,79812000.0,,,90000.0
ARNA,2017-09-30,False,Q3,2017,10-Q,2100000.0,-32086000.0,-32353000.0,-0.86,-0.86,0.0,347821000.0,303701000.0,68740000.0,278738000.0,218121000.0,-60494000.0,789000.0,245741000.0,,,91000.0
ARNA,2016-06-30,False,Q2,2016,10-Q,9512000.0,-26223000.0,-27183000.0,-0.11,-0.11,0.0,217847000.0,139772000.0,54610000.0,121986000.0,13559000.0,-33766000.0,-216000.0,-1191000.0,,,377000.0
ARNA,2015-12-31,False,FY,2015,10-K,38326000.0,-103198000.0,-107979000.0,-0.45,-0.45,0.0,256792000.0,174838000.0,49896000.0,156184000.0,53542000.0,-98113000.0,-8151000.0,101136000.0,,,10992000.0
ARNA,2016-12-31,False,FY,2016,10-K,123975000.0,-17146000.0,-22516000.0,-0.09,-0.09,0.0,169010000.0,119889000.0,63879000.0,90712000.0,40395000.0,-62139000.0,-750000.0,-2289000.0,,,950000.0
ARNA,2017-12-31,False,FY,2017,10-K,21337000.0,-91967000.0,-91407000.0,-2.87,-2.87,0.0,339275000.0,281280000.0,72327000.0,158837000.0,207144000.0,-66642000.0,-112390000.0,245287000.0,,,113000.0
ARNA,2015-06-30,False,Q2,2015,10-Q,9181000.0,-26979000.0,-26807000.0,-0.11,-0.11,0.0,329123000.0,235970000.0,61870000.0,216701000.0,107358000.0,-46980000.0,-1824000.0,101479000.0,,,1769000.0
ARNA,2017-03-31,False,Q1,2017,10-Q,2200000.0,-20502000.0,-22053000.0,-0.09,-0.09,0.0,139760000.0,92337000.0,49840000.0,79529000.0,26656000.0,-16257000.0,45000.0,4451000.0,,,49000.0
ARNA,2018-03-31,False,Q1,2018,10-Q,1755000.0,-30969000.0,-31963000.0,-0.78,-0.78,0.0,685468000.0,649861000.0,42527000.0,516141000.0,584135000.0,-29780000.0,2191000.0,384296000.0,,,325000.0
ARNA,2018-09-30,False,Q3,2018,10-Q,3573000.0,-36004000.0,-34314000.0,-0.7,-0.7,0.0,610034000.0,572477000.0,21952000.0,508663000.0,531316000.0,-98526000.0,62292000.0,385447000.0,,,568000.0
ARNA,2018-06-30,False,Q2,2018,10-Q,4073000.0,-33166000.0,-31833000.0,-0.65,-0.65,0.0,637560000.0,601280000.0,20917000.0,501217000.0,558838000.0,-67503000.0,24302000.0,385033000.0,,,528000.0
