symbol,end_date,amend,period_focus,fiscal_year,doc_type,revenues,op_income,net_income,eps_basic,eps_diluted,dividend,assets,cur_assets,cur_liab,cash,equity,cash_flow_op,cash_flow_inv,cash_flow_fin,debt,goodwill,cap_ex
AA,2011-09-30,False,Q3,2011,10-Q,6419000000.0,,172000000.0,0.16,0.15,0.06,39598000000.0,7670000000.0,5623000000.0,1332000000.0,18283000000.0,1051000000.0,-1269000000.0,13000000.0,,5271000000.0,801000000.0
AA,2011-06-30,False,Q2,2011,10-Q,6585000000.0,,322000000.0,0.3,0.28,0.03,41466000000.0,7868000000.0,5800000000.0,1260000000.0,19369000000.0,562000000.0,-902000000.0,40000000.0,,5329000000.0,476000000.0
AA,2010-06-30,False,Q2,2010,10-Q,5187000000.0,,136000000.0,0.13,0.13,0.03,37312000000.0,6822000000.0,5702000000.0,1344000000.0,15725000000.0,499000000.0,-454000000.0,-177000000.0,1890000000.0,5032000000.0,434000000.0
AA,2010-09-30,False,Q3,2010,10-Q,5287000000.0,,61000000.0,0.06,0.06,0.03,38370000000.0,6519000000.0,4682000000.0,843000000.0,16778000000.0,891000000.0,-798000000.0,-751000000.0,1065000000.0,5128000000.0,650000000.0
AA,2012-06-30,False,Q2,2012,10-Q,5963000000.0,,-2000000.0,,,0.03,39498000000.0,7767000000.0,6151000000.0,1712000000.0,16914000000.0,301000000.0,-704000000.0,196000000.0,,5141000000.0,561000000.0
AA,2011-03-31,False,Q1,2011,10-Q,5958000000.0,,308000000.0,0.29,0.27,0.03,40336000000.0,7209000000.0,5717000000.0,887000000.0,18404000000.0,-236000000.0,-552000000.0,125000000.0,750000000.0,5363000000.0,204000000.0
AA,2012-03-31,False,Q1,2012,10-Q,6006000000.0,,94000000.0,0.09,0.09,0.03,40703000000.0,7883000000.0,6292000000.0,1749000000.0,17626000000.0,-236000000.0,-350000000.0,394000000.0,,5271000000.0,270000000.0
ARNC,2018-12-31,False,FY,2018,10-K,14014000000.0,1325000000.0,640000000.0,1.33,1.3,0.24,18693000000.0,6581000000.0,3520000000.0,2277000000.0,5585000000.0,217000000.0,565000000.0,-649000000.0,6301000000.0,4500000000.0,768000000.0
AA,2010-12-31,False,FY,2010,10-K,61000000.0,,254000000.0,0.25,0.24,0.12,39293000000.0,6869000000.0,5236000000.0,1543000000.0,17086000000.0,2261000000.0,-1272000000.0,-952000000.0,9073000000.0,5119000000.0,1015000000.0
AA,2013-03-31,False,Q1,2013,10-Q,5833000000.0,,148000000.0,0.14,0.13,0.03,40106000000.0,7768000000.0,6500000000.0,1555000000.0,16774000000.0,-70000000.0,-285000000.0,47000000.0,,5123000000.0,235000000.0
AA,2012-09-30,False,Q3,2012,10-Q,5833000000.0,,-143000000.0,-0.13,-0.13,0.06,40191000000.0,7775000000.0,6531000000.0,1432000000.0,16854000000.0,564000000.0,-966000000.0,-86000000.0,140000000.0,5175000000.0,863000000.0
AA,2013-06-30,False,Q2,2013,10-Q,5849000000.0,,-119000000.0,-0.11,-0.11,0.03,38551000000.0,7237000000.0,6147000000.0,1202000000.0,15858000000.0,444000000.0,-561000000.0,-521000000.0,,5113000000.0,521000000.0
AA,2011-12-31,False,FY,2011,10-K,24951000000.0,,611000000.0,0.57,0.55,0.12,40120000000.0,7713000000.0,6013000000.0,1939000000.0,17195000000.0,2193000000.0,-1852000000.0,62000000.0,9085000000.0,5251000000.0,1287000000.0
AA,2012-12-31,False,FY,2012,10-K,23700000000.0,,191000000.0,0.18,0.18,0.12,40179000000.0,7700000000.0,5942000000.0,1861000000.0,16523000000.0,1497000000.0,-759000000.0,-798000000.0,8776000000.0,5170000000.0,1261000000.0
AA,2012-12-31,False,FY,2012,10-K,23700000000.0,,191000000.0,0.18,0.18,0.12,40179000000.0,7700000000.0,5942000000.0,1861000000.0,16523000000.0,1497000000.0,-759000000.0,-798000000.0,8776000000.0,5170000000.0,1261000000.0
AA,2009-09-30,False,Q3,2009,10-Q,4615000000.0,,77000000.0,0.08,0.08,0.06,38099000000.0,7032000000.0,5017000000.0,1066000000.0,16218000000.0,241000000.0,-221000000.0,247000000.0,,5048000000.0,1254000000.0
AA,2009-06-30,False,Q2,2009,10-Q,4244000000.0,,-454000000.0,-0.47,-0.47,0.03,37648000000.0,7459000000.0,5055000000.0,851000000.0,15581000000.0,57000000.0,-497000000.0,501000000.0,,5032000000.0,884000000.0
AA,2010-03-31,False,Q1,2010,10-Q,4887000000.0,,-201000000.0,-0.2,-0.2,0.03,37835000000.0,6619000000.0,5144000000.0,1292000000.0,15850000000.0,199000000.0,-208000000.0,-180000000.0,,5065000000.0,221000000.0
AA,2013-09-30,False,Q3,2013,10-Q,5765000000.0,,23000000.0,0.02,0.02,0.06,38229000000.0,7049000000.0,6040000000.0,1017000000.0,15864000000.0,658000000.0,-865000000.0,-614000000.0,,5144000000.0,771000000.0
AA,2014-03-31,False,Q1,2014,10-Q,5454000000.0,,-179000000.0,-0.16,-0.16,0.03,35605000000.0,6765000000.0,5267000000.0,665000000.0,14374000000.0,-551000000.0,-240000000.0,10000000.0,575000000.0,3423000000.0,209000000.0
AA,2009-12-31,False,FY,2009,10-K,18439000000.0,,-1151000000.0,-1.23,-1.23,0.26,38472000000.0,7022000000.0,5414000000.0,1481000000.0,15520000000.0,1365000000.0,-721000000.0,37000000.0,,5051000000.0,1617000000.0
AA,2014-09-30,False,Q3,2014,10-Q,6239000000.0,,149000000.0,0.13,0.12,0.03,37122000000.0,9689000000.0,5354000000.0,3272000000.0,15135000000.0,216000000.0,-807000000.0,2431000000.0,1250000000.0,3389000000.0,750000000.0
ARNC,2017-03-31,False,Q1,2017,10-Q,3192000000.0,,305000000.0,0.69,0.65,0.12,20157000000.0,6710000000.0,2587000000.0,2553000000.0,5495000000.0,-300000000.0,1029000000.0,-43000000.0,,5170000000.0,103000000.0
AA,2014-06-30,False,Q2,2014,10-Q,5836000000.0,,138000000.0,0.12,0.12,0.03,36309000000.0,7387000000.0,5842000000.0,1183000000.0,14706000000.0,-33000000.0,-526000000.0,291000000.0,,3435000000.0,467000000.0
AA,2015-09-30,False,Q3,2015,10-Q,5573000000.0,,26000000.0,0.02,0.02,0.06,36587000000.0,8592000000.0,5147000000.0,1739000000.0,14691000000.0,717000000.0,-603000000.0,-211000000.0,,5443000000.0,782000000.0
AA,2015-06-30,False,Q2,2015,10-Q,5897000000.0,,123000000.0,0.1,0.1,0.03,36587000000.0,7829000000.0,5206000000.0,1311000000.0,14638000000.0,297000000.0,-685000000.0,-159000000.0,,5232000000.0,514000000.0
AA,2015-03-31,False,Q1,2015,10-Q,5819000000.0,,178000000.0,0.15,0.14,0.03,35694000000.0,7722000000.0,5064000000.0,1191000000.0,13843000000.0,-175000000.0,-465000000.0,-26000000.0,,5050000000.0,247000000.0
ARNC,2016-09-30,False,Q3,2016,10-Q,5213000000.0,,148000000.0,0.34,0.33,0.18,37448000000.0,9368000000.0,5500000000.0,1863000000.0,13945000000.0,208000000.0,79000000.0,-350000000.0,750000000.0,5384000000.0,814000000.0
AA,2016-06-30,False,Q2,2016,10-Q,5295000000.0,,118000000.0,0.09,0.09,0.03,36139000000.0,8093000000.0,5488000000.0,1929000000.0,14529000000.0,-98000000.0,310000000.0,-207000000.0,,5396000000.0,528000000.0
ARNC,2016-12-31,False,FY,2016,10-K,12394000000.0,,-1010000000.0,-2.31,-2.31,0.36,20038000000.0,5892000000.0,2749000000.0,1863000000.0,5141000000.0,870000000.0,-165000000.0,-754000000.0,8048000000.0,5148000000.0,1125000000.0
AA,2016-03-31,False,Q1,2016,10-Q,4947000000.0,,-2000000.0,0.0,0.0,0.06,36140000000.0,7665000000.0,5555000000.0,1384000000.0,14361000000.0,-430000000.0,-1000000.0,-107000000.0,,5402000000.0,251000000.0
ARNC,2017-06-30,False,Q2,2017,10-Q,3261000000.0,281000000.0,194000000.0,0.44,0.43,0.06,19106000000.0,6033000000.0,2658000000.0,1785000000.0,5753000000.0,-83000000.0,904000000.0,-903000000.0,6796000000.0,5215000000.0,229000000.0
AA,2015-12-31,False,FY,2015,10-K,22534000000.0,,-391000000.0,-0.31,-0.31,0.12,36528000000.0,7953000000.0,5211000000.0,1919000000.0,14131000000.0,1582000000.0,-1060000000.0,-441000000.0,9065000000.0,5401000000.0,1180000000.0
ARNC,2017-12-31,False,FY,2017,10-K,12960000000.0,326000000.0,-127000000.0,-0.28,-0.28,0.24,18718000000.0,6378000000.0,2824000000.0,2150000000.0,4924000000.0,701000000.0,540000000.0,-963000000.0,6807000000.0,4535000000.0,596000000.0
ARNC,2017-09-30,False,Q3,2017,10-Q,3236000000.0,271000000.0,101000000.0,0.23,0.22,0.12,19237000000.0,6148000000.0,2677000000.0,1815000000.0,5961000000.0,89000000.0,776000000.0,-918000000.0,6803000000.0,5246000000.0,360000000.0
ARNC,2018-06-30,False,Q2,2018,10-Q,3573000000.0,324000000.0,120000000.0,0.25,0.24,0.06,18219000000.0,6075000000.0,2977000000.0,1455000000.0,5218000000.0,-260000000.0,146000000.0,-577000000.0,6315000000.0,4518000000.0,288000000.0
ARNC,2018-03-31,False,Q1,2018,10-Q,3445000000.0,333000000.0,142000000.0,0.3,0.29,0.12,18219000000.0,5895000000.0,2802000000.0,1205000000.0,5282000000.0,-436000000.0,29000000.0,-542000000.0,6312000000.0,4573000000.0,117000000.0
AA,2013-12-31,False,FY,2013,10-K,23032000000.0,,-2285000000.0,-2.14,-2.14,0.12,35742000000.0,6969000000.0,6105000000.0,1437000000.0,13522000000.0,1578000000.0,-1290000000.0,-679000000.0,8262000000.0,3415000000.0,1193000000.0
ARNC,2018-09-30,False,Q3,2018,10-Q,3524000000.0,345000000.0,160000000.0,0.33,0.32,0.06,18327000000.0,6132000000.0,3014000000.0,1535000000.0,5375000000.0,-209000000.0,211000000.0,-609000000.0,6318000000.0,4517000000.0,497000000.0
AA,2014-12-31,False,FY,2014,10-K,23906000000.0,,247000000.0,0.21,0.21,0.12,37399000000.0,8269000000.0,5541000000.0,1877000000.0,14794000000.0,1674000000.0,-3460000000.0,2250000000.0,8798000000.0,5247000000.0,1219000000.0
