symbol,end_date,amend,period_focus,fiscal_year,doc_type,revenues,op_income,net_income,eps_basic,eps_diluted,dividend,assets,cur_assets,cur_liab,cash,equity,cash_flow_op,cash_flow_inv,cash_flow_fin,debt,goodwill,cap_ex
VTUS,2014-03-31,False,Q1,2014,10-Q,,-4110151.0,-4069917.0,-0.18,-0.18,0.0,23904341.0,23895916.0,,23636722.0,22441892.0,-5185061.0,-2589.0,1763104.0,,,51530.0
VTUS,2013-03-31,False,Q1,2013,10-Q,,-3768968.0,-3723095.0,-0.22,-0.22,0.0,37102742.0,37097168.0,,36873518.0,35126099.0,-4370119.0,-42464.0,20754418.0,,,42464.0
ASMB,2018-12-31,False,FY,2018,10-K,35560000.0,-92735000.0,-90751000.0,-3.98,-3.98,0.0,268045000.0,222502000.0,18472000.0,41471000.0,210653000.0,-64958000.0,-135397000.0,159793000.0,,12638000.0,340000.0
VTUS,2012-09-30,False,Q3,2012,10-Q,,-5370303.0,-5355397.0,-0.41,-0.41,0.0,23679370.0,23671263.0,2681196.0,23560079.0,20998174.0,-18308931.0,-3240.0,82349774.0,,,42464.0
VTUS,2013-12-31,False,FY,2013,10-K,,-19604779.0,-19403759.0,-1.0,-1.0,0.0,27132042.0,27124940.0,,27061268.0,24493988.0,-17796088.0,-6477.0,24374614.0,,,48941.0
VTUS,2013-09-30,False,Q3,2013,10-Q,,-4933008.0,-4881742.0,-0.25,-0.25,0.0,32365322.0,32357690.0,,32222910.0,30047662.0,-12403656.0,-5166.0,106492286.0,,,47630.0
ASMB,2014-06-30,False,Q2,2014,10-Q,,-2506144.0,-2469273.0,-0.52,-0.52,0.0,21755202.0,21747803.0,,21316328.0,20285414.0,-7505455.0,-2589.0,1763104.0,,,2589.0
VTUS,2012-06-30,False,Q2,2012,10-Q,,-7478306.0,-7470048.0,-0.59,-0.59,0.0,29010340.0,29000965.0,3391838.0,28843880.0,25618502.0,-13025130.0,-3240.0,82349774.0,,,42464.0
VTUS,2013-06-30,False,Q2,2013,10-Q,,-4808759.0,-4751888.0,-0.24,-0.24,0.0,33676769.0,33667440.0,,33489917.0,31091386.0,-7748554.0,-5166.0,103104191.0,,,47630.0
VTUS,2012-12-31,False,FY,2012,10-K,,-24855496.0,-24790430.0,-1.94,-1.94,0.0,20555644.0,20548803.0,,20489219.0,17810186.0,-21379790.0,-3241.0,4896816.0,,,42464.0
ASMB,2014-12-31,False,FY,2014,10-K,0.0,-23956452.0,-23788799.0,-3.4,-3.4,0.0,71225193.0,29216397.0,1054021.0,29091113.0,58571172.0,-14973502.0,277401.0,16725946.0,,12737350.0,149963.0
ASMB,2015-06-30,False,Q2,2015,10-Q,,-7153905.0,-6942671.0,-0.41,-0.41,0.0,144707127.0,71332755.0,2239960.0,53518145.0,130867167.0,-8056007.0,-48828775.0,81311814.0,,12638136.0,47991.0
VTUS,2011-09-30,False,Q3,2011,10-Q,,-5545897.0,-5801381.0,-0.5,-0.5,0.0,53388460.0,53379245.0,1183442.0,53294262.0,52205018.0,-8736255.0,,77439207.0,,,39224.0
ASMB,2015-09-30,False,Q3,2015,10-Q,,-7122226.0,-6617933.0,-0.38,-0.38,0.0,139654016.0,66503164.0,2651569.0,36401487.0,125402447.0,-13242134.0,-61016749.0,81569257.0,,12638136.0,47991.0
VTUS,2011-06-30,False,Q2,2011,10-Q,,-6901571.0,-6961511.0,-0.97,-0.97,0.0,11523832.0,11465642.0,769941.0,11368535.0,9434193.0,-4666935.0,,31444160.0,,,39224.0
ASMB,2015-03-31,False,Q1,2015,10-Q,,-7203218.0,-7144953.0,-0.64,-0.64,0.0,138347415.0,96337918.0,2128383.0,96054082.0,124619032.0,-3673353.0,-30711.0,70667033.0,,12737350.0,30711.0
ASMB,2014-12-31,True,FY,2014,10-K,0.0,-23956452.0,-23788799.0,-3.4,-3.4,0.0,71225193.0,29216397.0,1054021.0,29091113.0,58571172.0,-14973502.0,277401.0,16725946.0,,12737350.0,149963.0
ASMB,2014-09-30,False,Q3,2014,10-Q,,-11055440.0,-11020258.0,-1.33,-1.33,0.0,60393941.0,18079805.0,1049019.0,17932627.0,47202220.0,-11380582.0,488837.0,1763104.0,,12142702.0,20526.0
VTUS,2011-09-30,False,Q3,2011,10-Q,,-5545897.0,-5801381.0,-0.5,-0.5,0.0,53388460.0,53379245.0,1183442.0,53294262.0,52205018.0,-8736255.0,,77439207.0,,,39224.0
VTUS,2012-03-31,False,Q1,2012,10-Q,,-8190057.0,-8173876.0,-0.66,-0.66,0.0,31390174.0,31382953.0,3852858.0,31066611.0,27537316.0,-6089551.0,-39224.0,180728.0,,,39224.0
VTUS,2011-12-31,False,FY,2011,10-K,,-34002073.0,-34344730.0,-3.57,-3.57,0.0,37045781.0,37037563.0,2513074.0,36975434.0,34532707.0,-25068832.0,,47485175.0,,,39224.0
ASMB,2015-12-31,False,FY,2015,10-K,,-29655630.0,-28453833.0,-1.81,-1.81,0.0,133744497.0,68368465.0,3402902.0,27107526.0,118741595.0,-18697334.0,-64855510.0,81569257.0,,12638136.0,58261.0
ASMB,2016-06-30,False,Q2,2016,10-Q,,-10454130.0,-10152200.0,-0.59,-0.59,0.0,117205921.0,64102987.0,5044868.0,20341338.0,100561053.0,-15978100.0,9211912.0,0.0,,12638136.0,2163.0
ASMB,2016-09-30,False,Q3,2016,10-Q,,-11678925.0,-11574117.0,-0.67,-0.67,0.0,109127019.0,59254826.0,7482246.0,23794088.0,90044773.0,-23842420.0,20528982.0,0.0,,12638136.0,35094.0
ASMB,2016-03-31,False,Q1,2016,10-Q,,-11277152.0,-10988558.0,-0.64,-0.64,0.0,124454324.0,59089199.0,3569342.0,20395045.0,109284982.0,-9210393.0,2497912.0,0.0,,12638136.0,2163.0
ASMB,2018-09-30,False,Q3,2018,10-Q,4285848.0,-22575563.0,-21535038.0,-0.87,-0.87,0.0,282977202.0,239872753.0,14609722.0,119752339.0,229433224.0,-48231171.0,-73238178.0,159188479.0,,12638136.0,129202.0
ASMB,2017-03-31,False,Q1,2017,10-Q,49315631.0,-13929829.0,-13930593.0,-0.81,-0.81,0.0,134284191.0,92221684.0,10956639.0,70818011.0,67888164.0,34944909.0,6658000.0,640017.0,,12638136.0,0.0
ASMB,2017-06-30,False,Q2,2017,10-Q,43074186.0,-13567251.0,-13598864.0,-0.78,-0.78,0.0,122774619.0,77668536.0,11989349.0,39452737.0,56535012.0,22587758.0,-12458164.0,748058.0,,12638136.0,0.0
ASMB,2017-09-30,False,Q3,2017,10-Q,41814946.0,-12450180.0,-12272019.0,-0.71,-0.71,0.0,112313122.0,68651761.0,12219013.0,27247232.0,47132851.0,11630144.0,-13968933.0,1010936.0,,12638136.0,503115.0
ASMB,2018-03-31,False,Q1,2018,10-Q,39323844.0,-16672149.0,-16248759.0,-0.8,-0.8,0.0,156020828.0,113225600.0,12179933.0,66926630.0,102381249.0,-15500822.0,-1100188.0,1494431.0,,12638136.0,39560.0
ASMB,2016-12-31,False,FY,2016,10-K,,-45278461.0,-44261562.0,-2.57,-2.57,0.0,98118606.0,53574664.0,7120954.0,28575085.0,79878001.0,-34881655.0,36196574.0,152640.0,,12638136.0,146329.0
ASMB,2018-06-30,False,Q2,2018,10-Q,3217865.0,-27165921.0,-26806232.0,-1.3,-1.3,0.0,142418089.0,97529218.0,13130865.0,54192131.0,89100565.0,-31547019.0,362205.0,3343736.0,,12638136.0,91817.0
ASMB,2017-12-31,False,FY,2017,10-K,50000000.0,-52226878.0,-42808548.0,-2.41,-2.41,0.0,169303445.0,123118512.0,13492166.0,82033209.0,113119769.0,1860081.0,-15642453.0,67240496.0,,12638136.0,864564.0
