symbol,end_date,amend,period_focus,fiscal_year,doc_type,revenues,op_income,net_income,eps_basic,eps_diluted,dividend,assets,cur_assets,cur_liab,cash,equity,cash_flow_op,cash_flow_inv,cash_flow_fin,debt,goodwill,cap_ex
ASNA,2018-11-03,False,Q1,2019,10-Q,1606500000.0,38900000.0,5900000.0,0.03,0.03,0.0,3688700000.0,1283000000.0,998800000.0,198900000.0,813200000.0,-1400000.0,-38300000.0,-300000.0,1335200000.0,683000000.0,38700000.0
ASNA,2011-01-29,False,Q2,2011,10-Q,752158000.0,71546000.0,42510000.0,0.54,0.52,0.0,1721530000.0,783733000.0,333649000.0,302402000.0,1094510000.0,167075000.0,-83488000.0,-21826000.0,,229661000.0,47691000.0
ASNA,2012-01-28,False,Q2,2012,10-Q,862000000.0,100000000.0,63700000.0,0.83,0.81,0.0,1921100000.0,835600000.0,354800000.0,378900000.0,1257500000.0,222000000.0,-59500000.0,-27100000.0,,234300000.0,52100000.0
ASNA,2011-04-30,False,Q3,2011,10-Q,722800000.0,86400000.0,51800000.0,0.67,0.64,0.0,1812400000.0,759000000.0,359500000.0,314200000.0,1142100000.0,255100000.0,-150600000.0,-30900000.0,,229700000.0,74300000.0
ASNA,2011-10-29,False,Q1,2012,10-Q,768300000.0,76500000.0,47500000.0,0.62,0.6,0.0,1872300000.0,780300000.0,376600000.0,246000000.0,1186000000.0,56800000.0,-27600000.0,-26700000.0,,234300000.0,27600000.0
ASNA,2012-10-27,False,Q1,2013,10-Q,1137500000.0,72900000.0,43100000.0,0.28,0.27,0.0,2944300000.0,1154700000.0,768600000.0,132600000.0,1405600000.0,31300000.0,-60000000.0,-3000000.0,304700000.0,597600000.0,60500000.0
ASNA,2014-10-25,False,Q1,2015,10-Q,1194200000.0,66100000.0,53500000.0,0.33,0.32,0.0,3233300000.0,996700000.0,655300000.0,164100000.0,1797100000.0,23400000.0,-82600000.0,66400000.0,236000000.0,581400000.0,96500000.0
ASNA,2012-07-28,False,FY,2012,10-K,3353300000.0,292600000.0,162200000.0,1.06,1.02,0.0,2807100000.0,1040200000.0,685600000.0,164300000.0,1340900000.0,361500000.0,-602300000.0,161600000.0,326600000.0,593200000.0,150400000.0
ASNA,2011-07-30,False,FY,2011,10-K,2914000000.0,289800000.0,170500000.0,2.18,2.11,0.0,1839600000.0,760500000.0,382200000.0,243500000.0,1158000000.0,280800000.0,-197200000.0,-80700000.0,0.0,234300000.0,102100000.0
ASNA,2013-01-26,False,Q2,2013,10-Q,1237500000.0,68300000.0,47200000.0,0.3,0.29,0.0,2883000000.0,1114000000.0,633500000.0,322000000.0,1473600000.0,273400000.0,-95300000.0,-20400000.0,277400000.0,583600000.0,97400000.0
ASNA,2013-10-26,False,Q1,2014,10-Q,1196600000.0,85600000.0,52600000.0,0.33,0.32,0.0,3018600000.0,1004900000.0,667200000.0,202000000.0,1628200000.0,41000000.0,-88500000.0,63100000.0,188600000.0,581400000.0,130000000.0
ASNA,2014-01-25,False,Q2,2014,10-Q,1266500000.0,49000000.0,31900000.0,0.2,0.19,0.0,2983200000.0,901400000.0,639000000.0,170100000.0,1671600000.0,175200000.0,-205500000.0,14000000.0,131600000.0,581400000.0,247100000.0
ASNA,2015-04-25,False,Q3,2015,10-Q,1150300000.0,34400000.0,24400000.0,0.15,0.15,0.0,3220400000.0,983100000.0,646700000.0,208900000.0,1838000000.0,283300000.0,-220200000.0,-11100000.0,155000000.0,581400000.0,234900000.0
ASNA,2013-07-27,False,FY,2013,10-K,4714900000.0,265300000.0,151300000.0,0.96,0.93,0.0,2871700000.0,942800000.0,652600000.0,186400000.0,1556400000.0,450000000.0,-272200000.0,-155700000.0,135600000.0,581400000.0,290900000.0
ASNA,2015-01-24,False,Q2,2015,10-Q,1288600000.0,16600000.0,8700000.0,0.05,0.05,0.0,3114500000.0,897800000.0,611600000.0,197800000.0,1805500000.0,212700000.0,-130900000.0,-40900000.0,127000000.0,581400000.0,154400000.0
ASNA,2016-01-23,False,Q2,2016,10-Q,1841800000.0,-16800000.0,-22600000.0,-0.12,-0.12,0.0,5477100000.0,1237400000.0,954600000.0,293800000.0,1823300000.0,161200000.0,-1642200000.0,1534200000.0,1658600000.0,1268000000.0,173200000.0
ASNA,2016-04-23,False,Q3,2016,10-Q,1669300000.0,57400000.0,15000000.0,0.08,0.08,0.0,5485200000.0,1239800000.0,930000000.0,246000000.0,1850900000.0,163400000.0,-1737800000.0,1579800000.0,1706800000.0,1267900000.0,268800000.0
ASNA,2015-10-24,False,Q1,2016,10-Q,1672000000.0,-12000000.0,-18100000.0,-0.1,-0.1,0.0,5805500000.0,1534100000.0,1019600000.0,322900000.0,1861300000.0,-46400000.0,-1574900000.0,1703600000.0,1806500000.0,1272900000.0,93000000.0
ASNA,2015-07-25,False,FY,2015,10-K,4802900000.0,-234900000.0,-236800000.0,-1.46,-1.46,0.0,2915700000.0,949900000.0,717700000.0,240600000.0,1518100000.0,431300000.0,-298100000.0,-49500000.0,116000000.0,319700000.0,312500000.0
ASNA,2013-04-27,False,Q3,2013,10-Q,1142200000.0,65800000.0,31200000.0,0.2,0.19,0.0,2795500000.0,1000400000.0,603800000.0,202900000.0,1515400000.0,333200000.0,-152800000.0,-141800000.0,155600000.0,576200000.0,171300000.0
ASNA,2014-04-26,False,Q3,2014,10-Q,1145100000.0,53700000.0,33200000.0,0.2,0.2,0.0,3109700000.0,960200000.0,612400000.0,213200000.0,1713900000.0,243500000.0,-327300000.0,110600000.0,225000000.0,581400000.0,368900000.0
ASNA,2014-07-26,False,FY,2014,10-K,4790600000.0,210800000.0,133400000.0,0.83,0.81,0.0,3123800000.0,923600000.0,631900000.0,156900000.0,1737700000.0,374700000.0,-462700000.0,58500000.0,172000000.0,581400000.0,477500000.0
ASNA,2012-04-28,False,Q3,2012,10-Q,783300000.0,85300000.0,49400000.0,0.32,0.31,0.0,2038400000.0,1094400000.0,391700000.0,363200000.0,1325300000.0,300600000.0,-164700000.0,-16200000.0,,234300000.0,102700000.0
ASNA,2017-01-28,False,Q2,2017,10-Q,1748200000.0,-44700000.0,-35200000.0,-0.18,-0.18,0.0,5359200000.0,1168400000.0,960000000.0,299500000.0,1859500000.0,215000000.0,-165600000.0,-121700000.0,1537100000.0,1279300000.0,155100000.0
ASNA,2017-10-28,False,Q1,2018,10-Q,1589700000.0,39900000.0,6600000.0,0.03,0.03,0.0,3901500000.0,1250800000.0,922300000.0,303000000.0,831400000.0,13500000.0,-41100000.0,5000000.0,1522700000.0,683000000.0,50600000.0
ASNA,2016-10-29,False,Q1,2017,10-Q,1678400000.0,51200000.0,14400000.0,0.07,0.07,0.0,5488900000.0,1250600000.0,992400000.0,270700000.0,1883600000.0,56000000.0,-106600000.0,-50500000.0,1557000000.0,1279300000.0,106600000.0
ASNA,2018-01-27,False,Q2,2018,10-Q,1719000000.0,-35600000.0,-39300000.0,-0.2,-0.2,0.0,3771000000.0,1186100000.0,921100000.0,413500000.0,799500000.0,155500000.0,-44800000.0,-22800000.0,1525300000.0,683000000.0,91800000.0
ASNA,2017-04-29,False,Q3,2017,10-Q,1565100000.0,-1311800000.0,-1030700000.0,-5.29,-5.29,0.0,3994300000.0,1181300000.0,897900000.0,300100000.0,832800000.0,194900000.0,-217800000.0,-48800000.0,1539800000.0,683000000.0,207300000.0
ASNA,2017-07-29,False,FY,2017,10-K,6649800000.0,-1313800000.0,-1067300000.0,-5.48,-5.48,0.0,3871500000.0,1122300000.0,937100000.0,325600000.0,821000000.0,343600000.0,-268900000.0,-120900000.0,1596500000.0,683000000.0,258100000.0
ASNA,2018-04-28,False,Q3,2018,10-Q,1503300000.0,-23100000.0,-40200000.0,-0.2,-0.2,0.0,3726000000.0,1213400000.0,950400000.0,362800000.0,761000000.0,142200000.0,-81200000.0,-23800000.0,1527900000.0,683000000.0,132300000.0
ASNA,2018-08-04,False,FY,2018,10-K,6578300000.0,34300000.0,-39700000.0,-0.2,-0.2,0.0,3570500000.0,1110300000.0,890700000.0,238900000.0,798500000.0,273900000.0,-134400000.0,-226200000.0,1371500000.0,683000000.0,186300000.0
ASNA,2016-07-30,False,FY,2016,10-K,6995400000.0,93800000.0,-11900000.0,-0.06,-0.06,0.0,5506300000.0,1240000000.0,1013700000.0,371800000.0,1863300000.0,445400000.0,-1835700000.0,1521500000.0,1719000000.0,1279300000.0,366500000.0
