symbol,end_date,amend,period_focus,fiscal_year,doc_type,revenues,op_income,net_income,eps_basic,eps_diluted,dividend,assets,cur_assets,cur_liab,cash,equity,cash_flow_op,cash_flow_inv,cash_flow_fin,debt,goodwill,cap_ex
ASPU,2018-10-31,False,Q2,2019,10-Q,8095344.0,-2474649.0,-2475079.0,-0.13,-0.13,0.0,38916777.0,18390157.0,8422821.0,7914314.0,28966798.0,-5487423.0,-1431598.0,30270.0,2000000.0,5011432.0,1345777.0
ASPU,2013-03-31,False,Q1,2013,10-Q,123357.0,-991500.0,-948871.0,-0.02,-0.02,0.0,3192121.0,1412820.0,1831451.0,479344.0,490101.0,-598772.0,-139247.0,519620.0,250250.0,,139108.0
ASPU,2012-09-30,False,Q3,2012,10-Q,1253190.0,-1492892.0,-1721976.0,-0.05,-0.05,0.0,5340190.0,3305028.0,4144626.0,2477356.0,763228.0,-2288416.0,-539795.0,4538965.0,0.0,,6005.0
ASPU,2014-01-31,False,Q3,2014,10-Q,1002167.0,-1496412.0,-1726587.0,-0.03,-0.03,0.0,3674301.0,1818690.0,1776064.0,850627.0,-1624628.0,-3040798.0,-303045.0,3389282.0,1666940.0,,298140.0
ASPU,2013-10-31,False,Q2,2014,10-Q,885338.0,-1305703.0,-1395422.0,-0.02,-0.02,0.0,4496111.0,2430037.0,2051591.0,1096690.0,-957652.0,-2151531.0,-210958.0,2585540.0,1542597.0,,209187.0
ASPU,2013-07-31,False,Q1,2014,10-Q,929993.0,-1111968.0,-1105576.0,-0.02,-0.02,0.0,3770193.0,2007250.0,3100525.0,641009.0,-194085.0,-1013268.0,-105022.0,947242.0,245482.0,,104385.0
ASPU,2014-04-30,False,FY,2014,10-K,3981722.0,-4776670.0,-5350348.0,-0.09,-0.09,0.0,3583840.0,1816702.0,3516816.0,247380.0,-1784902.0,-3664964.0,-995652.0,4114283.0,3562229.0,,386027.0
ASPU,2012-12-31,False,FY,2012,10-K,5017213.0,-5656316.0,-6048113.0,-0.17,-0.17,0.0,3497198.0,1736648.0,1630426.0,644988.0,801755.0,-4403361.0,-619801.0,4901548.0,250000.0,,479846.0
ASPU,2014-07-31,False,Q1,2015,10-Q,1169860.0,-605061.0,-864261.0,-0.01,-0.01,0.0,4791638.0,3084855.0,3789318.0,1416407.0,-845460.0,-385707.0,-151619.0,1706353.0,244028.0,,82869.0
ASPU,2015-10-31,False,Q2,2016,10-Q,1913161.0,-713100.0,-744420.0,-0.01,-0.01,0.0,5254203.0,3804632.0,2087459.0,1008417.0,1316961.0,-878508.0,-277653.0,5115.0,249783.0,,214019.0
ASPU,2015-07-31,False,Q1,2016,10-Q,1705861.0,-689324.0,-718706.0,-0.01,-0.01,0.0,5644060.0,4184546.0,1835863.0,1672730.0,1958414.0,-345920.0,-146607.0,5794.0,249783.0,,105503.0
ASPU,2015-04-30,False,FY,2015,10-K,5225761.0,-3403328.0,-4268288.0,-0.04,-0.04,0.0,5918248.0,4461881.0,1476080.0,2159463.0,2598179.0,-2741466.0,-777432.0,5425731.0,1650000.0,,379492.0
ELIT,2011-08-31,False,Q2,2011,10-Q,,,-2150.0,,,0.0,0.0,,,,-2641.0,-12095.0,,21491.0,,,
ASPU,2015-01-31,False,Q3,2015,10-Q,1286138.0,-1212067.0,-1244322.0,-0.01,-0.01,0.0,4560934.0,3001082.0,1833622.0,1158339.0,883323.0,-1863341.0,-406365.0,3175415.0,243989.0,,277133.0
ASPU,2014-10-31,False,Q2,2015,10-Q,1214247.0,-588317.0,-1131361.0,-0.01,-0.01,0.0,5366731.0,3813904.0,1649369.0,2101157.0,1871883.0,-1010055.0,-316872.0,3175454.0,244028.0,,180466.0
ELIT,2011-11-30,False,Q3,2011,10-Q,,,-8611.0,,,0.0,1489.0,,13881.0,1489.0,-8960.0,-20606.0,,31491.0,,,
ASPU,2012-03-31,False,Q1,2012,10-Q,1357819.0,-1629713.0,-1663600.0,-0.1,-0.1,0.0,6039234.0,4623373.0,3520680.0,246525.0,2071398.0,-867397.0,-96911.0,444231.0,0.0,,0.0
ASPU,2012-02-29,False,FY,2012,10-K,0.0,-27434.0,-28078.0,,,0.0,511.0,511.0,21135.0,511.0,-20624.0,-31584.0,,20491.0,,,
ASPU,2016-10-31,False,Q2,2017,10-Q,3465026.0,171512.0,116541.0,0.0,0.0,0.0,5877218.0,4334924.0,2382444.0,707379.0,1460495.0,26323.0,-389040.0,286300.0,350000.0,,382490.0
ASPU,2016-01-31,False,Q3,2016,10-Q,2164031.0,-642225.0,-674964.0,-0.01,-0.01,0.0,5129919.0,3699755.0,2546508.0,1522722.0,733628.0,-1359801.0,723783.0,-723.0,249783.0,,317068.0
ASPU,2016-07-31,False,Q1,2017,10-Q,2756815.0,-472371.0,-505447.0,-0.01,-0.01,0.0,4930899.0,3455312.0,2052294.0,480317.0,1282756.0,34476.0,-183567.0,-154388.0,248783.0,,179117.0
ASPU,2012-06-30,False,Q2,2012,10-Q,932366.0,,,,,0.0,3718379.0,1582511.0,5316191.0,265570.0,-2038661.0,-1983458.0,-268589.0,1751015.0,0.0,,6005.0
ASPU,2017-07-31,False,Q1,2018,10-Q,4242886.0,-779660.0,-767079.0,-0.06,-0.06,0.0,15114882.0,12609677.0,3035496.0,6213569.0,7740058.0,-1024085.0,-280409.0,4761846.0,50000.0,,261409.0
ASPU,2018-07-31,False,Q1,2019,10-Q,7221305.0,-2853324.0,-2837276.0,-0.15,-0.15,0.0,39198746.0,19136696.0,6822241.0,10423660.0,31084276.0,-3388210.0,-778674.0,-22015.0,2000000.0,5011432.0,735757.0
ASPU,2017-10-31,False,Q2,2018,10-Q,4851639.0,-324766.0,-481551.0,-0.04,-0.04,0.0,16128454.0,13358099.0,4287433.0,5379694.0,7455899.0,-1673058.0,-565973.0,4862508.0,50000.0,,540873.0
ASPU,2012-03-31,True,Q1,2012,10-Q,1357819.0,-1793258.0,-1827145.0,-0.11,-0.11,0.0,3829274.0,2413413.0,3684225.0,246525.0,-302107.0,-867397.0,-96911.0,444231.0,227446.0,,141383.0
ASPU,2017-01-31,False,Q3,2017,10-Q,3735626.0,85694.0,7377.0,0.0,0.0,0.0,7122495.0,5528112.0,3041293.0,897098.0,1539770.0,-99042.0,-571856.0,784200.0,350000.0,,565306.0
ASPU,2016-04-30,False,FY,2016,10-K,8453669.0,-2135370.0,-2246705.0,-0.02,-0.02,0.0,4506771.0,3086703.0,1362837.0,783796.0,1812982.0,-2444421.0,564977.0,503777.0,1350000.0,,466884.0
ASPU,2017-04-30,False,FY,2017,10-K,14246696.0,-782086.0,-1105260.0,-0.1,-0.1,0.0,10673554.0,8314074.0,2746377.0,2756217.0,7840240.0,-1488160.0,-1713358.0,5173939.0,50000.0,,804558.0
ASPU,2018-01-31,False,Q3,2018,10-Q,5701958.0,-1988959.0,-2147945.0,-0.15,-0.15,0.0,32109033.0,13109046.0,8001458.0,3803080.0,16277348.0,-3654947.0,-3031667.0,7733477.0,50000.0,5011432.0,1171473.0
ASPU,2018-04-30,False,FY,2018,10-K,22021512.0,-5253170.0,-7061061.0,-0.5,-0.5,0.0,41588532.0,21989763.0,6777576.0,14612559.0,33733591.0,-5609935.0,-3711831.0,21178108.0,2050000.0,5011432.0,1836618.0
