symbol,end_date,amend,period_focus,fiscal_year,doc_type,revenues,op_income,net_income,eps_basic,eps_diluted,dividend,assets,cur_assets,cur_liab,cash,equity,cash_flow_op,cash_flow_inv,cash_flow_fin,debt,goodwill,cap_ex
ASRT,2018-09-30,False,Q3,2018,10-Q,77493000.0,9628000.0,48270000.0,0.76,0.65,0.0,983507000.0,227368000.0,261074000.0,121904000.0,242409000.0,56735000.0,-5562000.0,-56153000.0,,,3987000.0
DEPO,2012-06-30,True,Q2,2012,10-Q,3201000.0,-15983000.0,-15780000.0,-0.28,-0.28,0.0,143109000.0,97470000.0,40274000.0,13521000.0,85401000.0,-24865000.0,12902000.0,1441000.0,,,502000.0
DEPO,2011-09-30,False,Q3,2011,10-Q,9205000.0,-9310000.0,-8576000.0,-0.15,-0.15,0.0,171785000.0,125243000.0,34218000.0,19945000.0,118247000.0,72381000.0,-80591000.0,5629000.0,,,665000.0
DEPO,2011-06-30,False,Q2,2011,10-Q,16153000.0,-5996000.0,-5679000.0,-0.11,-0.11,0.0,181261000.0,129709000.0,32114000.0,36311000.0,125819000.0,82084000.0,-73822000.0,5523000.0,,,444000.0
DEPO,2012-03-31,False,Q1,2012,10-Q,2109000.0,-8938000.0,-8804000.0,-0.16,-0.16,0.0,151959000.0,115225000.0,35702000.0,40211000.0,99035000.0,-11515000.0,27215000.0,468000.0,,,134000.0
DEPO,2011-12-31,False,FY,2011,10-K,41178000.0,70698000.0,70726000.0,1.3,1.26,0.0,164372000.0,109489000.0,39840000.0,24043000.0,105918000.0,57651000.0,-62188000.0,6054000.0,,,698000.0
DEPO,2012-06-30,False,Q2,2012,10-Q,3201000.0,-15983000.0,-15780000.0,-0.28,-0.28,0.0,143109000.0,97470000.0,40274000.0,13521000.0,85401000.0,-24865000.0,12902000.0,1441000.0,,,502000.0
DEPO,2013-06-30,False,Q2,2013,10-Q,29963000.0,532000.0,478000.0,0.01,0.01,0.0,133980000.0,97514000.0,28047000.0,44934000.0,82931000.0,-3704000.0,18486000.0,1076000.0,,,1146000.0
DEPO,2013-03-31,False,Q1,2013,10-Q,9129000.0,-5533000.0,-5480000.0,-0.1,-0.1,0.0,135228000.0,96011000.0,32065000.0,21930000.0,80256000.0,-4868000.0,-2686000.0,408000.0,,,461000.0
DEPO,2014-03-31,False,Q1,2014,10-Q,76544000.0,35744000.0,17939000.0,0.31,0.3,0.0,468705000.0,313305000.0,119315000.0,195286000.0,160349000.0,-65319000.0,12813000.0,3118000.0,,,660000.0
DEPO,2012-09-30,False,Q3,2012,10-Q,9684000.0,-1541000.0,-1495000.0,-0.03,-0.03,0.0,144916000.0,105354000.0,42888000.0,27372000.0,85648000.0,-25267000.0,26711000.0,1885000.0,,,2149000.0
DEPO,2013-09-30,False,Q3,2013,10-Q,37460000.0,6838000.0,6514000.0,0.11,0.11,0.0,156744000.0,110621000.0,34119000.0,64282000.0,92213000.0,10422000.0,22528000.0,2256000.0,,,1370000.0
DEPO,2013-12-31,False,FY,2013,10-K,134205000.0,9317000.0,43313000.0,0.76,0.75,0.0,508653000.0,337045000.0,156857000.0,244674000.0,137416000.0,9754000.0,-38036000.0,243880000.0,,,1812000.0
DEPO,2012-12-31,False,FY,2012,10-K,27483000.0,-30353000.0,-29781000.0,-0.53,-0.53,0.0,141653000.0,95267000.0,36681000.0,29076000.0,83936000.0,-30985000.0,33332000.0,2686000.0,,,6880000.0
DEPO,2015-03-31,False,Q1,2015,10-Q,32203000.0,-9849000.0,-11633000.0,-0.2,-0.2,0.0,704424000.0,613472000.0,61720000.0,52783000.0,360068000.0,-2493000.0,-437805000.0,4413000.0,,,342000.0
DEPO,2014-09-30,False,Q3,2014,10-Q,51485000.0,16700000.0,6454000.0,0.11,0.11,0.0,742436000.0,632450000.0,115962000.0,546698000.0,263469000.0,-59083000.0,17289000.0,343818000.0,,,853000.0
DEPO,2014-06-30,False,Q2,2014,10-Q,67732000.0,26545000.0,12746000.0,0.22,0.21,0.0,458480000.0,309616000.0,114605000.0,211145000.0,179326000.0,-58391000.0,17796000.0,7066000.0,,,783000.0
DEPO,2016-06-30,False,Q2,2016,10-Q,116682000.0,9661000.0,-10541000.0,-0.17,-0.17,0.0,1246077000.0,230223000.0,217851000.0,87821000.0,297102000.0,11539000.0,74599000.0,-99401000.0,,,2538000.0
DEPO,2015-06-30,False,Q2,2015,10-Q,94504000.0,-17214000.0,-21653000.0,-0.36,-0.36,0.0,1322759000.0,232163000.0,135661000.0,94094000.0,346098000.0,37080000.0,-1002137000.0,570483000.0,,,1134000.0
DEPO,2016-03-31,False,Q1,2016,10-Q,104780000.0,-4314000.0,-20917000.0,-0.34,-0.34,0.0,1335632000.0,292639000.0,309121000.0,181973000.0,299739000.0,-16538000.0,95843000.0,1584000.0,,,45000.0
DEPO,2015-09-30,False,Q3,2015,10-Q,104856000.0,3235000.0,-11785000.0,-0.2,-0.2,0.0,1362592000.0,302777000.0,180221000.0,107500000.0,341655000.0,85839000.0,-1040810000.0,573803000.0,,,1162000.0
DEPO,2016-12-31,False,FY,2016,10-K,455897000.0,24509000.0,-88720000.0,-1.45,-1.45,0.0,1225337000.0,306204000.0,227242000.0,117709000.0,250788000.0,65501000.0,45536000.0,-94412000.0,,,2860000.0
DEPO,2014-12-31,False,FY,2014,10-K,390363000.0,236814000.0,131762000.0,2.26,2.05,0.0,711065000.0,617620000.0,57499000.0,488668000.0,364447000.0,-55917000.0,-47307000.0,347218000.0,,,599000.0
DEPO,2015-12-31,False,FY,2015,10-K,342735000.0,-50400000.0,-75738000.0,-1.26,-1.26,0.0,1363432000.0,308972000.0,219632000.0,101084000.0,315055000.0,143892000.0,-1108051000.0,576575000.0,,,1715000.0
DEPO,2017-09-30,False,Q3,2017,10-Q,95413000.0,1238000.0,-15992000.0,-0.25,-0.25,0.0,1059507000.0,219274000.0,263150000.0,107585000.0,198647000.0,34905000.0,53325000.0,-98354000.0,,,563000.0
DEPO,2017-03-31,False,Q1,2017,10-Q,90447000.0,-6665000.0,-26741000.0,-0.43,-0.43,0.0,1179724000.0,286771000.0,301531000.0,187810000.0,230215000.0,16006000.0,52411000.0,1684000.0,,,470000.0
DEPO,2017-06-30,False,Q2,2017,10-Q,100457000.0,-4068000.0,-26659000.0,-0.43,-0.43,0.0,1085600000.0,219043000.0,278941000.0,113225000.0,211396000.0,38111000.0,55666000.0,-98261000.0,,,504000.0
DEPO,2016-09-30,False,Q3,2016,10-Q,110524000.0,1258000.0,-12894000.0,-0.21,-0.21,0.0,1249686000.0,260947000.0,216030000.0,90357000.0,290731000.0,27937000.0,58567000.0,-97231000.0,,,2786000.0
DEPO,2017-12-31,False,FY,2017,10-K,380724000.0,-42180000.0,-102496000.0,-1.63,-1.63,0.0,1038617000.0,230851000.0,310580000.0,126884000.0,169508000.0,62167000.0,57894000.0,-110886000.0,,,666000.0
DEPO,2018-03-31,False,Q1,2018,10-Q,128404000.0,51338000.0,33824000.0,0.53,0.48,0.0,1002071000.0,193304000.0,257128000.0,101693000.0,206090000.0,-26975000.0,1424000.0,360000.0,,,1000.0
DEPO,2018-06-30,False,Q2,2018,10-Q,63274000.0,-4225000.0,-21048000.0,-0.33,-0.33,0.0,912195000.0,127100000.0,231778000.0,57233000.0,191206000.0,-14037000.0,653000.0,-56267000.0,,,772000.0
