symbol,end_date,amend,period_focus,fiscal_year,doc_type,revenues,op_income,net_income,eps_basic,eps_diluted,dividend,assets,cur_assets,cur_liab,cash,equity,cash_flow_op,cash_flow_inv,cash_flow_fin,debt,goodwill,cap_ex
ATRC,2011-06-30,False,Q2,2011,10-Q,16779563.0,-771169.0,-946650.0,-0.06,-0.06,0.0,36136844.0,33046565.0,10602841.0,4111921.0,16921244.0,-503901.0,-4514971.0,5009589.0,,,638120.0
ATRC,2018-12-31,False,FY,2018,10-K,201630000.0,-17127000.0,-21137000.0,-0.62,-0.62,0.0,356759000.0,174673000.0,40216000.0,32231000.0,249381000.0,-4171000.0,-85404000.0,100176000.0,20000000.0,105257000.0,6211000.0
ATRC,2012-03-31,False,Q1,2012,10-Q,17476302.0,-1495986.0,-1619780.0,-0.1,-0.1,0.0,36588080.0,33109631.0,11818436.0,11418360.0,14651777.0,-1083611.0,-697166.0,3437711.0,,,661954.0
ATRC,2011-12-31,False,FY,2011,10-K,64402409.0,-4730536.0,-5455503.0,-0.35,-0.35,0.0,33858890.0,31192726.0,10808812.0,9758903.0,15614704.0,-1986426.0,2724212.0,4847180.0,,,1522311.0
ATRC,2012-12-31,False,FY,2012,10-K,70247000.0,-7198000.0,-7534000.0,-0.47,-0.47,0.0,32431000.0,28539000.0,12205000.0,7753000.0,12500000.0,-1936000.0,-2797000.0,2662000.0,8436000.0,,2985000.0
ATRC,2012-06-30,False,Q2,2012,10-Q,18268000.0,-1320000.0,-1326000.0,-0.08,-0.08,0.0,36024000.0,31428000.0,11742000.0,8660000.0,14936000.0,-1282000.0,-3263000.0,3439000.0,,,1395000.0
ATRC,2011-09-30,False,Q3,2011,10-Q,15222068.0,-1190551.0,-1156336.0,-0.07,-0.07,0.0,34120525.0,31740187.0,9971526.0,3431513.0,16092134.0,-859450.0,-4208500.0,4424475.0,,,851984.0
ATRC,2013-12-31,False,FY,2013,10-K,81889000.0,10891000.0,-11462000.0,-0.56,-0.56,0.0,111947000.0,52487000.0,26713000.0,14892000.0,72604000.0,-5222000.0,-14151000.0,26828000.0,6450000.0,35386000.0,2864000.0
ATRC,2013-06-30,False,Q2,2013,10-Q,20429000.0,-1639000.0,-1791000.0,-0.09,-0.09,0.0,57481000.0,53466000.0,13403000.0,31044000.0,38140000.0,-2832000.0,-835000.0,27057000.0,,,1191000.0
ATRC,2012-09-30,False,Q3,2012,10-Q,16139000.0,-2529000.0,-2567000.0,-0.16,-0.16,0.0,33744000.0,30119000.0,11604000.0,8203000.0,13561000.0,-1745000.0,-2786000.0,2916000.0,,,2372000.0
ATRC,2013-03-31,False,Q1,2013,10-Q,19430000.0,-1800000.0,-1943000.0,-0.1,-0.1,0.0,58127000.0,54357000.0,12694000.0,30784000.0,38600000.0,-2574000.0,-1449000.0,27137000.0,,,455000.0
ATRC,2014-09-30,False,Q3,2014,10-Q,26678000.0,-803000.0,-466000.0,-0.02,-0.02,0.0,157140000.0,90721000.0,21892000.0,35526000.0,135035000.0,-19587000.0,-21187000.0,61454000.0,96000.0,35386000.0,4389000.0
ATRC,2014-06-30,False,Q2,2014,10-Q,26514000.0,-2853000.0,-2692000.0,-0.1,-0.1,0.0,155933000.0,92765000.0,16880000.0,41978000.0,134220000.0,-18373000.0,-16048000.0,61501000.0,106000.0,35386000.0,2475000.0
ATRC,2014-03-31,False,Q1,2014,10-Q,24847000.0,-7925000.0,-7709000.0,-0.31,-0.31,0.0,158554000.0,107248000.0,16013000.0,68639000.0,134263000.0,-14398000.0,7414000.0,60736000.0,107000.0,35386000.0,1020000.0
ATRC,2013-09-30,False,Q3,2013,10-Q,20146000.0,-2614000.0,-2748000.0,-0.13,-0.13,0.0,57637000.0,48557000.0,16275000.0,25821000.0,36245000.0,-2158000.0,-6214000.0,26550000.0,6959000.0,,1930000.0
ATRC,2014-12-31,False,FY,2014,10-K,107454000.0,-16360000.0,-16211000.0,-0.61,-0.61,0.0,158404000.0,93508000.0,25643000.0,28384000.0,132538000.0,-21600000.0,-30623000.0,65871000.0,114000.0,35386000.0,9207000.0
ATRC,2015-06-30,False,Q2,2015,10-Q,32583000.0,-4819000.0,-4891000.0,-0.18,-0.18,0.0,159309000.0,90739000.0,30141000.0,29987000.0,128691000.0,-6394000.0,1275000.0,6907000.0,13872000.0,35386000.0,4077000.0
ATRC,2015-03-31,False,Q1,2015,10-Q,29886000.0,-5144000.0,-5266000.0,-0.19,-0.19,0.0,153406000.0,93415000.0,24629000.0,23559000.0,128559000.0,-8970000.0,2557000.0,1821000.0,0.0,35386000.0,1434000.0
ATRC,2016-03-31,False,Q1,2016,10-Q,35940000.0,-9419000.0,-9724000.0,-0.31,-0.31,0.0,261710000.0,65393000.0,26194000.0,20768000.0,181027000.0,-10931000.0,6996000.0,790000.0,25000000.0,105257000.0,2804000.0
ATRC,2018-03-31,False,Q1,2018,10-Q,46994000.0,-9430000.0,-10134000.0,-0.31,-0.31,0.0,269702000.0,84769000.0,26872000.0,21229000.0,153123000.0,-9434000.0,-4245000.0,13063000.0,0.0,105257000.0,2086000.0
ATRC,2017-03-31,False,Q1,2017,10-Q,41273000.0,-9642000.0,-10183000.0,-0.32,-0.32,0.0,266423000.0,79109000.0,28409000.0,19154000.0,160858000.0,-9546000.0,5726000.0,-1224000.0,15000000.0,105257000.0,1728000.0
ATRC,2015-09-30,False,Q3,2015,10-Q,31423000.0,-6127000.0,-6141000.0,-0.22,-0.22,0.0,165642000.0,84113000.0,39065000.0,28714000.0,125484000.0,-3762000.0,-7766000.0,12047000.0,13292000.0,35386000.0,8287000.0
ATRC,2016-06-30,False,Q2,2016,10-Q,39672000.0,-7738000.0,-8206000.0,-0.26,-0.26,0.0,281513000.0,86465000.0,25189000.0,19917000.0,177000000.0,-16956000.0,-13877000.0,26917000.0,15000000.0,105257000.0,4341000.0
ATRC,2016-09-30,False,Q3,2016,10-Q,38340000.0,-6286000.0,-6783000.0,-0.21,-0.21,0.0,279316000.0,84410000.0,26490000.0,16107000.0,173434000.0,-15880000.0,-18892000.0,27041000.0,15000000.0,105257000.0,6102000.0
ATRC,2015-12-31,False,FY,2015,10-K,129755000.0,-26720000.0,-27212000.0,-0.97,-0.97,0.0,273092000.0,74752000.0,31588000.0,23764000.0,186685000.0,-7842000.0,-10501000.0,13961000.0,0.0,105257000.0,13445000.0
ATRC,2016-12-31,False,FY,2016,10-K,155109000.0,-31138000.0,-33338000.0,-1.05,-1.05,0.0,276421000.0,85717000.0,28828000.0,24208000.0,168442000.0,-15119000.0,-12079000.0,27695000.0,15000000.0,105257000.0,7692000.0
ATRC,2017-12-31,False,FY,2017,10-K,174716000.0,-24979000.0,-26892000.0,-0.83,-0.83,0.0,267704000.0,82258000.0,31903000.0,21809000.0,161166000.0,-8944000.0,3761000.0,2760000.0,15000000.0,105257000.0,6384000.0
ATRC,2018-09-30,False,Q3,2018,10-Q,49941000.0,-6048000.0,-7235000.0,-0.22,-0.22,0.0,271962000.0,88429000.0,33744000.0,17999000.0,163768000.0,-5156000.0,-14578000.0,16047000.0,0.0,105257000.0,5128000.0
ATRC,2018-06-30,False,Q2,2018,10-Q,51802000.0,958000.0,-338000.0,-0.01,-0.01,0.0,270847000.0,86765000.0,27420000.0,13866000.0,159687000.0,-10369000.0,-13977000.0,16477000.0,0.0,105257000.0,3473000.0
ATRC,2017-06-30,False,Q2,2017,10-Q,45231000.0,-6355000.0,-6883000.0,-0.21,-0.21,0.0,268510000.0,81111000.0,31695000.0,21013000.0,161501000.0,-10603000.0,5295000.0,2087000.0,15000000.0,105257000.0,3488000.0
ATRC,2017-09-30,False,Q3,2017,10-Q,42150000.0,-6847000.0,-7246000.0,-0.22,-0.22,0.0,268451000.0,82146000.0,36072000.0,19444000.0,158919000.0,-10472000.0,2696000.0,2969000.0,15000000.0,105257000.0,5135000.0
