symbol,end_date,amend,period_focus,fiscal_year,doc_type,revenues,op_income,net_income,eps_basic,eps_diluted,dividend,assets,cur_assets,cur_liab,cash,equity,cash_flow_op,cash_flow_inv,cash_flow_fin,debt,goodwill,cap_ex
ATU,2011-11-30,False,Q1,2012,10-Q,392799000.0,57281000.0,37174000.0,0.54,0.5,0.0,2017554000.0,549539000.0,298052000.0,48119000.0,915293000.0,20475000.0,33000.0,-15567000.0,529747000.0,871856000.0,5595000.0
ATU,2018-11-30,False,Q1,2019,10-Q,292531000.0,-9318000.0,-17452000.0,-0.29,-0.29,0.0,1450033000.0,707335000.0,332369000.0,203443000.0,537565000.0,-29110000.0,-7655000.0,-9588000.0,527559000.0,477360000.0,7666000.0
ATU,2010-11-30,False,Q1,2011,10-Q,318412000.0,41572000.0,25890000.0,0.38,0.35,0.0,1649144000.0,489946000.0,327323000.0,44210000.0,783742000.0,6486000.0,-4344000.0,817000.0,,708868000.0,4077000.0
ATU,2011-02-28,False,Q2,2011,10-Q,330698000.0,37046000.0,7929000.0,0.12,0.11,0.0,1856512000.0,508900000.0,313284000.0,40400000.0,818393000.0,20296000.0,-163095000.0,140035000.0,,802588000.0,8291000.0
ATU,2011-05-31,False,Q3,2011,10-Q,392777000.0,58001000.0,36358000.0,0.53,0.49,0.0,1929215000.0,573339000.0,363943000.0,68299000.0,877863000.0,95098000.0,-171068000.0,99352000.0,,812095000.0,14843000.0
ATU,2011-08-31,False,FY,2011,10-K,1445323000.0,193570000.0,111559000.0,1.63,1.5,0.04,2056681000.0,546484000.0,330303000.0,44221000.0,919013000.0,171566000.0,-331310000.0,158492000.0,,888466000.0,23096000.0
ATU,2012-11-30,False,Q1,2013,10-Q,377248000.0,51302000.0,36343000.0,0.5,0.49,0.0,2025456000.0,578568000.0,289847000.0,68311000.0,1101998000.0,12275000.0,-6795000.0,-5830000.0,,871698000.0,7689000.0
ATU,2012-05-31,False,Q3,2012,10-Q,429215000.0,67664000.0,34401000.0,0.48,0.45,0.0,2034109000.0,575291000.0,325762000.0,80149000.0,1077285000.0,129314000.0,-38739000.0,-50497000.0,398750000.0,873682000.0,17491000.0
ATU,2013-05-31,False,Q2,2013,10-Q,344205000.0,57042000.0,-92983000.0,-1.27,-1.24,0.0,1919474000.0,834284000.0,313543000.0,161418000.0,1031838000.0,116270000.0,-12724000.0,-6511000.0,392500000.0,647150000.0,18895000.0
ATU,2013-02-28,False,Q2,2013,10-Q,370370000.0,41944000.0,28435000.0,0.39,0.38,0.0,2023831000.0,595430000.0,270529000.0,90823000.0,1124268000.0,40323000.0,-11982000.0,-3460000.0,395000000.0,866685000.0,11726000.0
ATU,2012-02-29,False,Q2,2012,10-Q,378024000.0,49456000.0,32175000.0,0.47,0.43,0.0,2051887000.0,573397000.0,299581000.0,58445000.0,956637000.0,52001000.0,-21584000.0,-17818000.0,525072000.0,883823000.0,10452000.0
ATU,2012-08-31,False,FY,2012,10-K,1605342000.0,169942000.0,87290000.0,1.25,1.17,0.04,2007119000.0,561281000.0,319006000.0,68184000.0,1051836000.0,182329000.0,-84506000.0,-71177000.0,397500000.0,866412000.0,22740000.0
ATU,2014-02-28,False,Q2,2014,10-Q,327770000.0,38981000.0,41392000.0,0.57,0.56,0.0,1959134000.0,600404000.0,298295000.0,155017000.0,1101101000.0,36883000.0,223168000.0,-211964000.0,390000000.0,749782000.0,22226000.0
ATU,2013-11-30,False,Q1,2014,10-Q,339556000.0,43647000.0,36037000.0,0.49,0.48,0.0,2163865000.0,807526000.0,326474000.0,109542000.0,1131699000.0,32946000.0,-9344000.0,-20123000.0,503000000.0,745476000.0,11257000.0
ATU,2014-05-31,False,Q3,2014,10-Q,378187000.0,58780000.0,50557000.0,0.72,0.7,0.0,1947705000.0,605330000.0,294551000.0,129625000.0,1085153000.0,73186000.0,232470000.0,-282807000.0,390000000.0,765988000.0,33839000.0
ATU,2013-08-31,False,FY,2013,10-K,1279742000.0,190145000.0,30048000.0,0.41,0.4,0.04,2119332000.0,785240000.0,321842000.0,103986000.0,1080267000.0,193789000.0,-252682000.0,98605000.0,515000000.0,734952000.0,23668000.0
ATU,2015-11-30,False,Q1,2016,10-Q,305011000.0,25371000.0,15448000.0,0.26,0.26,0.0,1623535000.0,562814000.0,242505000.0,171945000.0,664452000.0,20369000.0,-4622000.0,-6186000.0,588059000.0,601381000.0,5529000.0
ATU,2015-05-31,False,Q3,2015,10-Q,320100000.0,43002000.0,37958000.0,0.64,0.63,0.0,1661018000.0,557949000.0,232833000.0,108125000.0,673305000.0,41280000.0,-16348000.0,5946000.0,600000000.0,612232000.0,17234000.0
ATU,2016-02-29,False,Q2,2016,10-Q,263289000.0,-172115000.0,-159190000.0,-2.7,-2.7,0.0,1411004000.0,538283000.0,221610000.0,154671000.0,487532000.0,28863000.0,-21394000.0,-11025000.0,588059000.0,486353000.0,11004000.0
ATU,2014-08-31,False,FY,2014,10-K,1399862000.0,203108000.0,163573000.0,2.31,2.26,0.04,1856879000.0,542990000.0,299121000.0,109012000.0,1001711000.0,125234000.0,261507000.0,-380992000.0,390000000.0,742770000.0,41857000.0
ATU,2016-08-31,False,FY,2016,10-K,1149410000.0,-100217000.0,-105174000.0,-1.78,-1.78,0.04,1442538000.0,542652000.0,241912000.0,179604000.0,520950000.0,117697000.0,-83134000.0,-18430000.0,584309000.0,519276000.0,20209000.0
ATU,2015-08-31,False,FY,2015,10-K,1249254000.0,53554000.0,19872000.0,0.32,0.32,0.04,1636917000.0,560389000.0,235056000.0,168846000.0,673001000.0,128968000.0,-21272000.0,-12951000.0,588059000.0,608256000.0,22516000.0
ATU,2016-05-31,False,Q3,2016,10-Q,305341000.0,28343000.0,21166000.0,0.36,0.36,0.0,1467420000.0,535733000.0,242661000.0,137089000.0,523849000.0,74991000.0,-87662000.0,-12326000.0,588059000.0,529421000.0,15623000.0
ATU,2015-02-28,False,Q2,2015,10-Q,301005000.0,-56447000.0,-64838000.0,-1.05,-1.05,0.0,1636819000.0,513231000.0,232705000.0,87497000.0,666725000.0,-9619000.0,-12170000.0,18393000.0,586750000.0,615953000.0,12877000.0
ATU,2014-11-30,False,Q1,2015,10-Q,327765000.0,38218000.0,24674000.0,0.38,0.38,0.0,1787464000.0,524348000.0,253380000.0,87275000.0,861734000.0,-25118000.0,-7761000.0,19143000.0,511875000.0,714956000.0,7986000.0
ATU,2016-11-30,False,Q1,2017,10-Q,265793000.0,8471000.0,4965000.0,0.08,0.08,0.0,1421716000.0,548848000.0,247903000.0,176871000.0,510087000.0,12085000.0,-5009000.0,-4989000.0,580559000.0,509478000.0,5139000.0
ATU,2017-11-30,False,Q1,2017,10-Q,288955000.0,14673000.0,5226000.0,0.09,0.09,0.0,1490241000.0,618336000.0,343919000.0,165050000.0,516318000.0,-20458000.0,-35590000.0,-7941000.0,557559000.0,531454000.0,7904000.0
ATU,2018-05-31,False,Q3,2018,10-Q,317096000.0,32585000.0,29012000.0,0.48,0.48,0.0,1504785000.0,627823000.0,301334000.0,189490000.0,601028000.0,35589000.0,-59832000.0,-15734000.0,542559000.0,538792000.0,18716000.0
ATU,2018-02-28,False,Q2,2018,10-Q,275165000.0,9589000.0,-18221000.0,-0.3,-0.3,0.0,1480305000.0,591041000.0,274514000.0,153595000.0,589281000.0,-22106000.0,-47889000.0,-8192000.0,550059000.0,546135000.0,12547000.0
ATU,2017-05-31,False,Q3,2017,10-Q,295427000.0,27332000.0,22511000.0,0.38,0.37,0.0,1488039000.0,605451000.0,268706000.0,198954000.0,571560000.0,51413000.0,-22675000.0,-7886000.0,572559000.0,519793000.0,22919000.0
ATU,2017-08-31,False,FY,2017,10-K,1095784000.0,-50236000.0,-66213000.0,-1.11,-1.11,0.04,1516955000.0,646926000.0,378934000.0,229571000.0,500539000.0,87847000.0,-27625000.0,-14498000.0,565059000.0,530081000.0,28195000.0
ATU,2017-02-28,False,Q2,2017,10-Q,258869000.0,13199000.0,5074000.0,0.09,0.08,0.0,1427034000.0,555361000.0,243904000.0,171890000.0,525009000.0,14033000.0,-14451000.0,-4180000.0,576809000.0,509078000.0,14695000.0
ATU,2018-08-31,False,FY,2018,10-K,1182611000.0,18198000.0,-21648000.0,-0.36,-0.36,0.04,1481338000.0,660900000.0,330961000.0,250490000.0,558712000.0,106093000.0,-62751000.0,-17993000.0,535059000.0,512412000.0,20870000.0
