symbol,end_date,amend,period_focus,fiscal_year,doc_type,revenues,op_income,net_income,eps_basic,eps_diluted,dividend,assets,cur_assets,cur_liab,cash,equity,cash_flow_op,cash_flow_inv,cash_flow_fin,debt,goodwill,cap_ex
AVP,2011-09-30,False,Q3,2011,10-Q,2762400000.0,278600000.0,164200000.0,0.38,0.38,0.23,7879400000.0,4141200000.0,2872000000.0,988200000.0,1843700000.0,234200000.0,-180700000.0,-243100000.0,,674100000.0,197400000.0
AVP,2011-03-31,False,Q1,2011,10-Q,2629100000.0,246500000.0,143600000.0,0.33,0.33,0.23,7887100000.0,4165000000.0,2908700000.0,1015300000.0,1839600000.0,-31600000.0,-49400000.0,-103300000.0,,680400000.0,55300000.0
AVP,2010-03-31,False,Q1,2010,10-Q,2490400000.0,192800000.0,42500000.0,0.1,0.1,0.22,6818500000.0,3867000000.0,2805200000.0,1122900000.0,1285300000.0,17100000.0,-198000000.0,31600000.0,,,56800000.0
AVP,2010-09-30,False,Q3,2010,10-Q,2657600000.0,259600000.0,166700000.0,0.39,0.38,0.22,7807200000.0,3993100000.0,3429900000.0,841500000.0,1552400000.0,338000000.0,-997900000.0,238900000.0,,699700000.0,216900000.0
AVP,2010-06-30,False,Q2,2010,10-Q,2678500000.0,271500000.0,167600000.0,0.39,0.39,0.22,6725200000.0,3725600000.0,2652400000.0,984100000.0,1311100000.0,241100000.0,-269400000.0,-219700000.0,,360700000.0,139500000.0
AVP,2009-12-31,False,FY,2009,10-K,10382800000.0,1018200000.0,625800000.0,1.45,1.45,0.84,6832700000.0,4189300000.0,2274800000.0,1311600000.0,1312600000.0,782000000.0,-218900000.0,-361800000.0,,,296900000.0
AVP,2018-12-31,False,FY,2018,10-K,5571300000.0,235200000.0,-19500000.0,-0.1,-0.1,0.0,3010000000.0,1762000000.0,1496500000.0,532700000.0,-896800000.0,92700000.0,-93400000.0,-306900000.0,4600000.0,87400000.0,94900000.0
AVP,2010-12-31,False,FY,2010,10-K,10862800000.0,1073100000.0,606300000.0,1.4,1.39,0.22,7873700000.0,4184300000.0,2956300000.0,1179900000.0,1672600000.0,689000000.0,-1095700000.0,234700000.0,2827700000.0,675100000.0,331200000.0
AVP,2012-06-30,False,Q2,2012,10-Q,2591700000.0,126600000.0,61600000.0,0.14,0.14,0.23,7702600000.0,4153100000.0,2870900000.0,1276400000.0,1439000000.0,41100000.0,-79000000.0,65400000.0,,483000000.0,87700000.0
AVP,2013-03-31,False,Q1,2013,10-Q,2483700000.0,172100000.0,-13700000.0,-0.03,-0.03,0.06,7573700000.0,4232600000.0,2907400000.0,1488400000.0,1195000000.0,-118900000.0,-35900000.0,495200000.0,,361200000.0,43500000.0
AVP,2012-09-30,False,Q3,2012,10-Q,2550900000.0,106000000.0,31600000.0,0.07,0.07,0.23,7652000000.0,4015600000.0,2778200000.0,1097500000.0,1466600000.0,219600000.0,-121600000.0,-261800000.0,,443800000.0,134900000.0
AVP,2011-12-31,False,FY,2011,10-K,11291600000.0,854600000.0,513600000.0,1.18,1.18,0.23,7735000000.0,4098800000.0,2891000000.0,1245100000.0,1585200000.0,655800000.0,-267700000.0,-284500000.0,2328400000.0,473100000.0,276700000.0
AVP,2012-03-31,False,Q1,2012,10-Q,2575400000.0,71500000.0,26500000.0,0.06,0.06,0.23,7783300000.0,4143900000.0,3154100000.0,1215200000.0,1651500000.0,-33000000.0,-41300000.0,13700000.0,,487300000.0,45700000.0
AVP,2011-06-30,False,Q2,2011,10-Q,2856400000.0,316600000.0,206200000.0,0.48,0.47,0.23,8116800000.0,4285000000.0,2919300000.0,1011000000.0,2038300000.0,88200000.0,-158200000.0,-122900000.0,,687900000.0,144500000.0
AVP,2012-12-31,True,FY,2012,10-K,10717100000.0,314800000.0,-42500000.0,-0.1,-0.1,0.23,7382500000.0,3928900000.0,2704600000.0,1209600000.0,1233300000.0,556100000.0,-213700000.0,-401300000.0,75600000.0,374900000.0,228800000.0
AVP,2012-12-31,False,FY,2012,10-K,10717100000.0,314800000.0,-42500000.0,-0.1,-0.1,0.23,7382500000.0,3928900000.0,2704600000.0,1209600000.0,1233300000.0,556100000.0,-213700000.0,-401300000.0,75600000.0,374900000.0,228800000.0
AVP,2009-06-30,False,Q2,2009,10-Q,2470300000.0,182900000.0,82900000.0,0.19,0.19,0.21,6317300000.0,3843800000.0,2235800000.0,1221000000.0,862500000.0,75400000.0,-35600000.0,60800000.0,,,108100000.0
AVP,2013-06-30,False,Q2,2013,10-Q,2508900000.0,202200000.0,31900000.0,0.07,0.07,0.06,6685300000.0,3462900000.0,2180300000.0,873200000.0,1133000000.0,69700000.0,-77000000.0,-242300000.0,,311300000.0,75800000.0
AVP,2009-09-30,False,Q3,2009,10-Q,2551300000.0,258500000.0,156200000.0,0.36,0.36,0.21,6735500000.0,4196800000.0,2383800000.0,1293400000.0,1095100000.0,247100000.0,-94800000.0,15600000.0,,,171800000.0
AVP,2014-06-30,False,Q2,2014,10-Q,2188600000.0,93200000.0,19000000.0,0.04,0.04,0.06,6115200000.0,3040500000.0,2107500000.0,777500000.0,960100000.0,-7100000.0,-55800000.0,-142400000.0,,288900000.0,58600000.0
AVP,2014-03-31,False,Q1,2014,10-Q,2183600000.0,-50900000.0,-168300000.0,-0.38,-0.38,0.06,6084900000.0,3061300000.0,2095600000.0,795100000.0,931500000.0,-112600000.0,-26600000.0,-43800000.0,52500000.0,280900000.0,29600000.0
AVP,2013-09-30,False,Q3,2013,10-Q,2322900000.0,68200000.0,-5500000.0,-0.01,-0.01,0.06,6528300000.0,3432000000.0,2154800000.0,808300000.0,1127600000.0,96300000.0,-120000000.0,-380400000.0,52500000.0,279600000.0,118200000.0
AVP,2015-03-31,False,Q1,2015,10-Q,1794200000.0,-37600000.0,-147300000.0,-0.33,-0.33,0.06,4872300000.0,2592700000.0,2006800000.0,668900000.0,12700000.0,-198100000.0,-24000000.0,-37300000.0,,235600000.0,22400000.0
AVP,2014-09-30,False,Q3,2014,10-Q,2138200000.0,187900000.0,91400000.0,0.21,0.21,0.06,6090400000.0,3089400000.0,2153100000.0,826000000.0,925000000.0,125800000.0,-85700000.0,-167500000.0,,273000000.0,88200000.0
AVP,2015-06-30,False,Q2,2015,10-Q,1823400000.0,91800000.0,28800000.0,0.07,0.07,0.06,4988600000.0,2862700000.0,2087500000.0,696900000.0,62200000.0,-109900000.0,-49100000.0,-69100000.0,,115700000.0,42100000.0
AVP,2013-12-31,False,FY,2013,10-K,9955000000.0,427200000.0,-56400000.0,-0.13,-0.13,0.24,6492300000.0,3479100000.0,2240500000.0,1107900000.0,1127500000.0,539600000.0,-173400000.0,-467900000.0,52500000.0,282500000.0,197300000.0
AVP,2016-03-31,False,Q1,2015,10-Q,1306500000.0,7800000.0,-165900000.0,-0.38,-0.38,0.0,3629100000.0,2209700000.0,1605100000.0,753500000.0,-863800000.0,-191300000.0,-25300000.0,435900000.0,,94900000.0,23700000.0
AVP,2015-09-30,False,Q3,2015,10-Q,1666900000.0,23000000.0,-697000000.0,-1.58,-1.58,0.06,3774700000.0,2385600000.0,1725500000.0,587400000.0,-768400000.0,-96700000.0,136200000.0,-357900000.0,,99900000.0,61800000.0
AVP,2016-06-30,False,Q2,2016,10-Q,1434300000.0,95100000.0,33000000.0,0.06,0.06,0.0,3638100000.0,2194200000.0,1492100000.0,741500000.0,-830900000.0,-130200000.0,-43700000.0,412600000.0,,96100000.0,42700000.0
AVP,2017-06-30,False,Q2,2017,10-Q,1395900000.0,31600000.0,-45500000.0,-0.12,-0.12,0.0,3467500000.0,2015200000.0,1487500000.0,633800000.0,-841400000.0,11200000.0,-40400000.0,-13000000.0,,94600000.0,43000000.0
AVP,2016-09-30,False,Q3,2016,10-Q,1408800000.0,112000000.0,36000000.0,0.07,0.07,0.0,3905500000.0,2441500000.0,1588400000.0,901700000.0,-775500000.0,-104300000.0,-67800000.0,569200000.0,,98100000.0,68200000.0
AVP,2015-12-31,False,FY,2015,10-K,6160500000.0,165000000.0,-1148900000.0,-2.6,-2.6,0.24,3879500000.0,2341100000.0,2195100000.0,686900000.0,-1056400000.0,91400000.0,142500000.0,-430500000.0,12700000.0,92300000.0,92400000.0
AVP,2017-03-31,False,Q1,2017,10-Q,1333100000.0,28700000.0,-36500000.0,-0.1,-0.1,0.0,3426200000.0,1948900000.0,1450900000.0,560000000.0,-808600000.0,-80200000.0,-22300000.0,-5300000.0,,97100000.0,23900000.0
AVP,2014-12-31,False,FY,2014,10-K,8851400000.0,400100000.0,-388600000.0,-0.88,-0.88,0.24,5496800000.0,2964500000.0,2047200000.0,960500000.0,305300000.0,359800000.0,-105100000.0,-218800000.0,57400000.0,249300000.0,131100000.0
AVP,2016-12-31,False,FY,2016,10-K,5717700000.0,321900000.0,-107600000.0,-0.29,-0.29,0.0,3418900000.0,1992300000.0,1485700000.0,654400000.0,-836200000.0,128000000.0,-82700000.0,137000000.0,9000000.0,93600000.0,93000000.0
AVP,2017-09-30,False,Q3,2017,10-Q,1417800000.0,83000000.0,12500000.0,0.01,0.01,0.0,3516600000.0,2092500000.0,1471500000.0,663800000.0,-809400000.0,35000000.0,-41500000.0,-9800000.0,,96800000.0,66700000.0
AVP,2018-09-30,False,Q3,2018,10-Q,1424200000.0,186900000.0,114500000.0,0.21,0.21,0.0,3074600000.0,1773300000.0,1418200000.0,452600000.0,-802900000.0,-68300000.0,-72000000.0,-255100000.0,,92800000.0,71000000.0
AVP,2018-03-31,False,Q1,2018,10-Q,1393500000.0,44900000.0,-20300000.0,-0.06,-0.06,0.0,3640400000.0,2149500000.0,1750800000.0,772500000.0,-746600000.0,-96300000.0,-27000000.0,400000.0,,100900000.0,27800000.0
AVP,2018-06-30,False,Q2,2018,10-Q,1351900000.0,53000000.0,-36100000.0,-0.09,-0.09,0.0,3086400000.0,1783400000.0,1383600000.0,443900000.0,-910500000.0,-106700000.0,-49900000.0,-252300000.0,,94900000.0,48000000.0
AVP,2017-12-31,False,FY,2017,10-K,5715600000.0,273300000.0,22000000.0,0.0,0.0,0.0,3697900000.0,2233300000.0,1559600000.0,881500000.0,-714700000.0,271200000.0,-69600000.0,0.0,5200000.0,95700000.0,97300000.0
