symbol,end_date,amend,period_focus,fiscal_year,doc_type,revenues,op_income,net_income,eps_basic,eps_diluted,dividend,assets,cur_assets,cur_liab,cash,equity,cash_flow_op,cash_flow_inv,cash_flow_fin,debt,goodwill,cap_ex
AVY,2011-07-02,False,Q2,2011,10-Q,1725700000.0,,73300000.0,0.69,0.69,0.25,5360000000.0,2216700000.0,1946600000.0,125400000.0,1804600000.0,-95200000.0,-69900000.0,160400000.0,,962000000.0,53100000.0
AVY,2010-07-03,False,Q2,2011,10-Q,1680100000.0,,83800000.0,0.79,0.78,0.2,5037500000.0,1978400000.0,1897500000.0,148900000.0,1409400000.0,143100000.0,-37400000.0,-94000000.0,,906600000.0,27400000.0
AVY,2011-04-02,False,Q1,2011,10-Q,1659300000.0,,44800000.0,0.43,0.42,0.25,5314700000.0,2160200000.0,1947600000.0,120400000.0,1737200000.0,-117500000.0,-32500000.0,141500000.0,,957500000.0,28000000.0
AVY,2010-10-02,False,Q3,2011,10-Q,1640800000.0,,64200000.0,0.61,0.6,0.2,5213200000.0,2129900000.0,1892800000.0,157800000.0,1532000000.0,283600000.0,-67000000.0,-198300000.0,,941400000.0,50100000.0
AVY,2011-01-01,False,FY,2010,10-K,6512700000.0,,316900000.0,3.0,2.97,0.8,5099400000.0,1951900000.0,1831800000.0,127500000.0,1645700000.0,486700000.0,-107800000.0,-391500000.0,,940800000.0,83500000.0
AVY,2018-12-29,False,FY,2018,10-K,7159000000.0,,467400000.0,5.35,5.28,2.01,5177500000.0,2298000000.0,1994000000.0,232000000.0,955100000.0,457900000.0,-232500000.0,-208100000.0,0.0,941800000.0,226700000.0
AVY,2012-06-30,False,Q2,2012,10-Q,1532300000.0,,64200000.0,0.62,0.62,0.27,5057900000.0,2401800000.0,2122300000.0,161400000.0,1570500000.0,41000000.0,-54800000.0,-1600000.0,,751600000.0,39900000.0
AVY,2012-03-31,False,Q1,2012,10-Q,1483300000.0,,43900000.0,0.42,0.41,0.27,5070900000.0,2335700000.0,2022400000.0,190700000.0,1664200000.0,10700000.0,-33300000.0,34600000.0,,768500000.0,24000000.0
AVY,2011-10-01,False,Q3,2011,10-Q,1699600000.0,,49800000.0,0.47,0.47,0.25,5060500000.0,2036900000.0,1742200000.0,119700000.0,1749100000.0,120000000.0,-91200000.0,-39500000.0,,933500000.0,76100000.0
AVY,2013-03-30,False,Q1,2013,10-Q,1498900000.0,,57800000.0,0.58,0.57,0.27,5137600000.0,2513800000.0,2126200000.0,207700000.0,1573700000.0,-65700000.0,-28800000.0,66100000.0,,756900000.0,21100000.0
AVY,2012-09-29,False,Q3,2012,10-Q,1487800000.0,,58300000.0,0.58,0.57,0.27,5102400000.0,2449000000.0,2154000000.0,190700000.0,1585500000.0,214100000.0,-87400000.0,-114400000.0,,761800000.0,56900000.0
AVY,2012-12-29,False,FY,2012,10-K,6035600000.0,,215400000.0,2.1,2.08,1.08,5105300000.0,2411700000.0,2074500000.0,235400000.0,1580900000.0,513400000.0,-160000000.0,-297600000.0,,764400000.0,95000000.0
AVY,2011-12-31,False,FY,2011,10-K,6026300000.0,,190100000.0,1.8,1.78,1.0,4972700000.0,2218800000.0,1647100000.0,178000000.0,1658500000.0,422700000.0,-104200000.0,-271500000.0,6800000.0,759300000.0,105000000.0
AVY,2013-09-28,False,Q3,2013,10-Q,1504900000.0,,46500000.0,0.47,0.47,0.29,4732800000.0,2164900000.0,1573400000.0,309600000.0,1573900000.0,95700000.0,402500000.0,-426100000.0,,754500000.0,79100000.0
AVY,2013-12-28,False,FY,2013,10-K,6140000000.0,,215800000.0,2.19,2.16,1.14,4610600000.0,2091800000.0,1554100000.0,351600000.0,1492200000.0,320100000.0,339400000.0,-546200000.0,,751100000.0,129200000.0
AVY,2014-03-29,False,Q1,2014,10-Q,1550100000.0,,71200000.0,0.74,0.73,0.29,4591300000.0,2073000000.0,1540500000.0,205100000.0,1495000000.0,-108000000.0,-47400000.0,12300000.0,,760000000.0,38700000.0
AVY,2013-06-29,False,Q2,2013,10-Q,1552300000.0,,68800000.0,0.69,0.68,0.29,5191000000.0,2589000000.0,1984900000.0,211600000.0,1514600000.0,46700000.0,-47800000.0,-8400000.0,,747500000.0,49900000.0
AVY,2014-09-27,False,Q3,2014,10-Q,1559600000.0,,64300000.0,0.69,0.68,0.35,4493500000.0,2069800000.0,1632900000.0,195600000.0,1306800000.0,200200000.0,-118700000.0,-235300000.0,,742000000.0,100800000.0
AVY,2014-06-28,False,Q2,2014,10-Q,1615800000.0,,42500000.0,0.45,0.44,0.35,4616600000.0,2129900000.0,1622700000.0,221900000.0,1429100000.0,9800000.0,-81200000.0,-54400000.0,,758600000.0,67500000.0
AVY,2015-01-03,False,FY,2014,10-K,6330300000.0,,248900000.0,2.65,2.6,1.34,4360200000.0,1921300000.0,1597800000.0,227000000.0,1066500000.0,374200000.0,-170400000.0,-323500000.0,0.0,721600000.0,147900000.0
AVY,2015-10-03,False,Q3,2015,10-Q,1468100000.0,,81700000.0,0.89,0.88,0.37,4248900000.0,1916000000.0,1469500000.0,171700000.0,1055300000.0,290300000.0,-90200000.0,-246900000.0,,690700000.0,89600000.0
AVY,2016-07-02,False,Q2,2016,10-Q,1541500000.0,,80000000.0,0.9,0.88,0.41,4294800000.0,1942500000.0,1592200000.0,216100000.0,956500000.0,216000000.0,-64200000.0,-93300000.0,,691000000.0,61300000.0
AVY,2016-10-01,False,Q3,2016,10-Q,1508700000.0,,89100000.0,1.0,0.98,0.41,4600400000.0,2013600000.0,2056100000.0,189400000.0,1042400000.0,365700000.0,-345500000.0,11400000.0,,821600000.0,104900000.0
AVY,2015-07-04,False,Q2,2015,10-Q,1516000000.0,,63300000.0,0.69,0.68,0.37,4353600000.0,1998100000.0,1550800000.0,246000000.0,1096700000.0,170900000.0,-56400000.0,-91200000.0,,698400000.0,56400000.0
AVY,2016-01-02,False,FY,2015,10-K,5966900000.0,,274300000.0,3.01,2.95,1.46,4133700000.0,1775400000.0,1459100000.0,158800000.0,965700000.0,473700000.0,-142900000.0,-367300000.0,0.0,686200000.0,135800000.0
AVY,2016-12-31,False,FY,2016,10-K,6086500000.0,,320700000.0,3.6,3.54,1.6,4396400000.0,1904800000.0,2004300000.0,195100000.0,925500000.0,585300000.0,-435400000.0,-106200000.0,0.0,793600000.0,176900000.0
AVY,2017-12-30,False,FY,2017,10-K,6613800000.0,,281800000.0,3.19,3.13,1.76,5136900000.0,2237900000.0,1971800000.0,224400000.0,1046200000.0,650100000.0,-547700000.0,-83900000.0,0.0,985100000.0,190500000.0
AVY,2018-03-31,False,Q1,2018,10-Q,1776400000.0,,125200000.0,1.42,1.4,0.45,5280500000.0,2332300000.0,2081400000.0,187500000.0,1089700000.0,16000000.0,-35800000.0,-21800000.0,0.0,1005100000.0,35600000.0
AVY,2015-04-04,False,Q1,2015,10-Q,1528000000.0,,71600000.0,0.79,0.77,0.35,4312600000.0,1964100000.0,1606800000.0,212500000.0,1026000000.0,8300000.0,-24300000.0,6000000.0,,697000000.0,25300000.0
AVY,2016-04-02,False,Q1,2016,10-Q,1485500000.0,,89600000.0,1.0,0.98,0.37,4249400000.0,1887400000.0,1594200000.0,169600000.0,968300000.0,-6300000.0,-30900000.0,47100000.0,,695100000.0,25200000.0
AVY,2017-07-01,False,Q2,2017,10-Q,1626900000.0,,120900000.0,1.37,1.34,0.45,5091800000.0,2209800000.0,1972400000.0,209400000.0,1069800000.0,178300000.0,-386200000.0,216600000.0,,950400000.0,66500000.0
AVY,2017-09-30,False,Q3,2017,10-Q,1679500000.0,,108300000.0,1.23,1.2,0.45,5270000000.0,2283300000.0,2023300000.0,232300000.0,1134900000.0,392600000.0,-446100000.0,80800000.0,,977100000.0,111400000.0
AVY,2017-04-01,False,Q1,2017,10-Q,1572100000.0,,112200000.0,1.27,1.25,0.41,4765900000.0,2184600000.0,1759300000.0,294900000.0,1014600000.0,15300000.0,-112000000.0,194700000.0,,826400000.0,30300000.0
AVY,2018-06-30,False,Q2,2018,10-Q,1854200000.0,,95600000.0,1.09,1.07,0.52,5163100000.0,2328100000.0,2109200000.0,215800000.0,1021900000.0,209500000.0,-82100000.0,-131800000.0,0.0,955000000.0,79500000.0
AVY,2018-09-29,False,Q3,2018,10-Q,1759700000.0,,149500000.0,1.71,1.69,0.52,5181900000.0,2358800000.0,2358200000.0,217600000.0,1047100000.0,187700000.0,-127400000.0,-57900000.0,0.0,953100000.0,132700000.0
