symbol,end_date,amend,period_focus,fiscal_year,doc_type,revenues,op_income,net_income,eps_basic,eps_diluted,dividend,assets,cur_assets,cur_liab,cash,equity,cash_flow_op,cash_flow_inv,cash_flow_fin,debt,goodwill,cap_ex
AXAS,2011-06-30,False,Q2,2011,10-Q,16953000.0,3438000.0,8937000.0,0.1,0.1,0.0,,,,4151000.0,,6579000.0,-17165000.0,14638000.0,,,25622000.0
AXAS,2011-09-30,False,Q3,2011,10-Q,18020000.0,4225000.0,20085000.0,0.22,0.21,0.0,213795000.0,18287000.0,34473000.0,14000.0,67397000.0,23035000.0,-44698000.0,21578000.0,,,53155000.0
AXAS,2018-09-30,False,Q3,2018,10-Q,41625000.0,17735000.0,1777000.0,0.01,0.01,0.0,381493000.0,47628000.0,97062000.0,,110218000.0,66704000.0,-129847000.0,61525000.0,149423000.0,,132989000.0
AXAS,2012-03-31,False,Q1,2012,10-Q,16393000.0,2224000.0,817000.0,0.01,0.01,0.0,251852000.0,19003000.0,47479000.0,0.0,64285000.0,25788000.0,-26126000.0,338000.0,,,26126000.0
AXAS,2013-03-31,False,Q1,2013,10-Q,21196000.0,3768000.0,595000.0,0.01,0.01,0.0,258161000.0,32768000.0,66163000.0,154000.0,47631000.0,9913000.0,-17773000.0,5953000.0,130711000.0,,17773000.0
AXAS,2012-06-30,False,Q2,2012,10-Q,15938000.0,-23000.0,10903000.0,0.12,0.12,0.0,253295000.0,14703000.0,31413000.0,308000.0,75374000.0,25743000.0,-35116000.0,9680000.0,136850000.0,,7200000.0
AXAS,2011-12-31,False,FY,2011,10-K,64622000.0,11648000.0,13743000.0,0.15,0.15,0.0,241150000.0,24713000.0,39522000.0,0.0,62651000.0,24495000.0,-70555000.0,45966000.0,,,79012000.0
AXAS,2012-09-30,False,Q3,2012,10-Q,17170000.0,-11359000.0,-18644000.0,-0.2,-0.2,0.0,250128000.0,40163000.0,35935000.0,2615000.0,57905000.0,31330000.0,-47474000.0,18759000.0,145805000.0,,53499000.0
AXAS,2012-12-31,False,FY,2012,10-K,68573000.0,-16348000.0,-18791000.0,-0.2,-0.2,0.0,240607000.0,23021000.0,54490000.0,2061000.0,46700000.0,51375000.0,-47003000.0,-2311000.0,124758000.0,,68552000.0
AXAS,2013-06-30,False,Q2,2013,10-Q,21494000.0,2867000.0,7866000.0,0.09,0.08,0.0,260093000.0,65919000.0,62368000.0,2432000.0,55999000.0,22771000.0,-30274000.0,7818000.0,132657000.0,,33466000.0
AXAS,2014-03-31,False,Q1,2014,10-Q,25893000.0,7339000.0,4704000.0,0.05,0.05,0.0,237514000.0,27894000.0,64664000.0,349000.0,92033000.0,2424000.0,-33937000.0,26656000.0,70562000.0,,36719000.0
AXAS,2013-09-30,False,Q3,2013,10-Q,29095000.0,11161000.0,3190000.0,0.03,0.03,0.0,257235000.0,44223000.0,76839000.0,4985000.0,59608000.0,35998000.0,-18745000.0,-14347000.0,110608000.0,,60889000.0
AXAS,2014-06-30,False,Q2,2014,10-Q,33559000.0,12590000.0,3034000.0,0.03,0.03,0.0,286874000.0,33068000.0,76196000.0,3742000.0,150239000.0,29453000.0,-87299000.0,56377000.0,47031000.0,,92770000.0
AXAS,2014-09-30,False,Q3,2014,10-Q,44205000.0,16650000.0,25399000.0,0.24,0.24,0.0,317113000.0,33510000.0,71171000.0,2686000.0,176032000.0,58013000.0,-131128000.0,70599000.0,61495000.0,,137517000.0
AXAS,2013-12-31,False,FY,2013,10-K,94331000.0,14927000.0,38647000.0,0.42,0.41,0.0,223650000.0,39549000.0,82735000.0,5205000.0,86906000.0,51654000.0,32486000.0,-81014000.0,43932000.0,,95043000.0
AXAS,2015-06-30,False,Q2,2015,10-Q,18944000.0,-1531000.0,-6601000.0,-0.06,-0.06,0.0,373049000.0,21170000.0,47130000.0,957000.0,202435000.0,-262000.0,-39545000.0,36992000.0,115849000.0,,39683000.0
AXAS,2015-03-31,False,Q1,2015,10-Q,18661000.0,-4535000.0,-718000.0,-0.01,-0.01,0.0,366550000.0,29674000.0,33056000.0,3869000.0,207596000.0,-27108000.0,-12400000.0,39605000.0,118404000.0,,12400000.0
AXAS,2016-03-31,False,Q1,2016,10-Q,9564000.0,-40143000.0,-40880000.0,-0.39,-0.39,0.0,212195000.0,20720000.0,23675000.0,483000.0,44432000.0,-2490000.0,10000.0,-577000.0,140154000.0,,1587000.0
AXAS,2016-06-30,False,Q2,2016,10-Q,11008000.0,-31898000.0,-46937000.0,-0.4,-0.4,0.0,163945000.0,10602000.0,25622000.0,1840000.0,25508000.0,12524000.0,-1154000.0,-13070000.0,100577000.0,,5666000.0
AXAS,2015-09-30,False,Q3,2015,10-Q,16077000.0,-63438000.0,-52372000.0,-0.5,-0.5,0.0,322423000.0,25588000.0,36470000.0,0.0,151058000.0,105000.0,-52476000.0,48599000.0,127291000.0,,52614000.0
AXAS,2017-06-30,False,Q2,2017,10-Q,13152000.0,1260000.0,7195000.0,0.04,0.04,0.0,187137000.0,17420000.0,36894000.0,652000.0,106362000.0,28398000.0,-29596000.0,1850000.0,34743000.0,,40453000.0
AXAS,2017-09-30,False,Q3,2017,10-Q,24722000.0,5654000.0,-770000.0,0.0,0.0,0.0,226605000.0,19096000.0,39571000.0,819000.0,109677000.0,22259000.0,-56216000.0,34776000.0,67680000.0,,71518000.0
AXAS,2017-03-31,False,Q1,2017,10-Q,18802000.0,4953000.0,13690000.0,0.09,0.09,0.0,156616000.0,13286000.0,25653000.0,1061000.0,98188000.0,11781000.0,-335000.0,-10385000.0,21804000.0,,10957000.0
AXAS,2014-12-31,False,FY,2014,10-K,133776000.0,39922000.0,63269000.0,0.64,0.62,0.0,374899000.0,38432000.0,81298000.0,3772000.0,207495000.0,96203000.0,-186468000.0,88832000.0,78789000.0,,192799000.0
AXAS,2015-12-31,False,FY,2015,10-K,67030000.0,-141805000.0,-127110000.0,-1.21,-1.21,0.0,267872000.0,32674000.0,35069000.0,3540000.0,84465000.0,6979000.0,-69253000.0,62042000.0,140732000.0,,69391000.0
AXAS,2016-09-30,False,Q3,2016,10-Q,13976000.0,-4952000.0,-3260000.0,-0.02,-0.02,0.0,162742000.0,14876000.0,33568000.0,0.0,23022000.0,22225000.0,-7039000.0,-18726000.0,94993000.0,,24632000.0
AXAS,2016-12-31,False,FY,2016,10-K,56555000.0,-73387000.0,-96378000.0,-0.79,-0.79,0.0,161648000.0,23939000.0,31117000.0,0.0,18505000.0,26872000.0,-14071000.0,-16341000.0,97402000.0,,31663000.0
AXAS,2018-06-30,False,Q2,2018,10-Q,30916000.0,10931000.0,-10554000.0,-0.06,-0.06,0.0,330807000.0,34309000.0,87508000.0,882000.0,108014000.0,45286000.0,-73709000.0,27687000.0,115487000.0,,73818000.0
AXAS,2018-03-31,False,Q1,2018,10-Q,40630000.0,20090000.0,10779000.0,0.07,0.06,0.0,292649000.0,31997000.0,54571000.0,5645000.0,117684000.0,32230000.0,-47958000.0,19755000.0,107551000.0,,47959000.0
AXAS,2017-12-31,False,FY,2017,10-K,86264000.0,21337000.0,16006000.0,0.1,0.1,0.0,273806000.0,34489000.0,68850000.0,1618000.0,106308000.0,38123000.0,-91053000.0,54548000.0,87616000.0,,108236000.0
