symbol,end_date,amend,period_focus,fiscal_year,doc_type,revenues,op_income,net_income,eps_basic,eps_diluted,dividend,assets,cur_assets,cur_liab,cash,equity,cash_flow_op,cash_flow_inv,cash_flow_fin,debt,goodwill,cap_ex
AXDX,2018-12-31,False,FY,2018,10-K,5670000.0,-80369000.0,-88326000.0,-1.62,-1.62,0.0,185265000.0,177640000.0,7763000.0,66260000.0,57375000.0,-67756000.0,-20138000.0,125771000.0,120100000.0,,998000.0
AXK,2011-10-31,False,Q1,2011,10-Q,202008.0,-429909.0,-430274.0,-0.04,-0.04,0.0,6251615.0,1386739.0,198044.0,584985.0,4657730.0,-99670.0,-91201.0,,,1377091.0,-14263.0
AXK,2012-04-30,False,Q3,2011,10-Q,13207.0,-410217.0,-388383.0,-0.03,-0.03,0.0,5679051.0,868054.0,187289.0,212995.0,4021254.0,-431665.0,-131196.0,,,1414259.0,56196.0
AXK,2012-07-31,False,FY,2012,10-K,235910.0,-5351760.0,-5310476.0,-0.43,-0.43,0.0,17213742.0,15042386.0,1391716.0,14263248.0,14835567.0,-815672.0,-245505.0,14548569.0,,1486459.0,95505.0
AXK,2012-04-30,False,Q3,2011,10-Q,13207.0,-410217.0,-388383.0,-0.03,-0.03,0.0,5679051.0,868054.0,187289.0,212995.0,4021254.0,-431665.0,-131196.0,,,1414259.0,56196.0
AXK,2012-01-31,False,Q2,2012,10-Q,8328.0,-343635.0,-323189.0,-0.03,-0.03,0.0,6013388.0,1180291.0,231037.0,513027.0,4350380.0,-156801.0,-106028.0,,,1394471.0,-31028.0
AXK,2012-10-31,False,Q1,2012,10-Q,8304.0,-1676756.0,-1665053.0,-0.07,-0.07,0.0,15864157.0,13968452.0,1438663.0,13195811.0,13439035.0,-1094171.0,-73266.0,100000.0,,1497015.0,73266.0
AXDX,2013-03-31,False,Q1,2013,10-Q,15678.0,-2550760.0,-2549299.0,-0.09,-0.09,0.0,31229045.0,30142324.0,1136043.0,29256692.0,30093002.0,-2274346.0,-675069.0,20137360.0,,,675069.0
AXDX,2013-06-30,False,Q2,2013,10-Q,7373.0,-3777588.0,-3776544.0,-0.131,-0.131,0.0,29331582.0,28113251.0,1807221.0,27172817.0,27524361.0,-4176687.0,-896673.0,20177430.0,,,896673.0
AXDX,2014-06-30,False,Q2,2014,10-Q,13000.0,-8165000.0,-8152000.0,-0.19,-0.19,0.0,81804000.0,79668000.0,2250000.0,65212000.0,78704000.0,-7805000.0,-2687000.0,45675000.0,,,729000.0
AXDX,2014-03-31,False,Q1,2014,10-Q,14000.0,-5747000.0,-5202000.0,-0.12,-0.12,0.0,41417000.0,39571000.0,1707000.0,26142000.0,38809000.0,-3673000.0,-938000.0,724000.0,,,424000.0
AXDX,2014-09-30,False,Q3,2014,10-Q,16000.0,-8827000.0,-8814000.0,-0.2,-0.2,0.0,75153000.0,72698000.0,2063000.0,57851000.0,72277000.0,-13994000.0,-3718000.0,45534000.0,,,1357000.0
AXDX,2015-09-30,False,Q3,2015,10-Q,92000.0,-11207000.0,-11186000.0,-0.25,-0.25,0.0,44755000.0,40920000.0,3568000.0,25191000.0,40187000.0,-25240000.0,-3564000.0,432000.0,,,-2594000.0
AXDX,2016-06-30,False,Q2,2016,10-Q,20000.0,-17889000.0,-17866000.0,-0.35,-0.35,0.0,110515000.0,105403000.0,4474000.0,37519000.0,105041000.0,-28087000.0,-55238000.0,259000.0,,,2084000.0
AXDX,2016-03-31,False,Q1,2016,10-Q,163000.0,-15172000.0,-15074000.0,-0.29,-0.29,0.0,125648000.0,120276000.0,4987000.0,72033000.0,119661000.0,-13205000.0,-34499000.0,-799000.0,,,1681000.0
AXDX,2014-12-31,False,FY,2014,10-K,122000.0,-31517000.0,-30933000.0,-0.71,-0.71,0.0,69801000.0,67098000.0,2783000.0,53563000.0,65991000.0,-18785000.0,-3372000.0,45691000.0,,,-1933000.0
AXDX,2013-12-31,False,FY,2013,10-K,48285.0,-15310859.0,-15281821.0,-0.41,-0.41,0.0,43430377.0,42142935.0,1136930.0,30028961.0,41516780.0,-9748951.0,-13171180.0,40880345.0,,,1157564.0
AXDX,2013-09-30,False,Q3,2013,10-Q,12797.0,-3796669.0,-3796614.0,-0.1,-0.1,0.0,45932950.0,44634032.0,411943.0,33452907.0,44994341.0,-7002386.0,-12038849.0,40425395.0,,,1089876.0
AXDX,2016-09-30,False,Q3,2016,10-Q,24000.0,-17416000.0,-17299000.0,-0.34,-0.34,0.0,96632000.0,91681000.0,4449000.0,28731000.0,91183000.0,-40607000.0,-52215000.0,983000.0,,,2301000.0
AXDX,2015-03-31,False,Q1,2015,10-Q,14000.0,-9558000.0,-8897000.0,-0.2,-0.2,0.0,63337000.0,59664000.0,3501000.0,47391000.0,58822000.0,-6963000.0,761000.0,30000.0,,,-1198000.0
AXDX,2017-03-31,False,Q1,2017,10-Q,530000.0,-14310000.0,-14200000.0,-0.27,-0.27,0.0,74404000.0,70349000.0,5249000.0,9917000.0,69133000.0,-15469000.0,4054000.0,2033000.0,,,229000.0
AXDX,2016-12-31,False,FY,2016,10-K,246000.0,-66501000.0,-66374000.0,-1.29,-1.29,0.0,82852000.0,78448000.0,4036000.0,19244000.0,77816000.0,-53408000.0,-49568000.0,1762000.0,,,2409000.0
AXDX,2017-12-31,False,FY,2017,10-K,4177000.0,-64184000.0,-64028000.0,-1.18,-1.18,0.0,125512000.0,120488000.0,6787000.0,28513000.0,118704000.0,-55746000.0,-25728000.0,90427000.0,,,2966000.0
AXDX,2017-09-30,False,Q3,2017,10-Q,828000.0,-17315000.0,-17075000.0,-0.31,-0.31,0.0,136107000.0,131280000.0,6183000.0,34431000.0,129924000.0,-42498000.0,-30907000.0,88303000.0,,,2055000.0
AXDX,2017-06-30,False,Q2,2017,10-Q,699000.0,-16423000.0,-16457000.0,-0.31,-0.31,0.0,148257000.0,143273000.0,6223000.0,62609000.0,142034000.0,-28091000.0,-16014000.0,87272000.0,,,1643000.0
AXDX,2018-06-30,False,Q2,2018,10-Q,1692000.0,-20415000.0,-23225000.0,-0.43,-0.43,0.0,218253000.0,212608000.0,7842000.0,66810000.0,94886000.0,-35417000.0,-50702000.0,124472000.0,115500000.0,,702000.0
AXDX,2015-06-30,False,Q2,2015,10-Q,19000.0,-12268000.0,-12252000.0,-0.27,-0.27,0.0,53347000.0,49433000.0,2997000.0,35231000.0,49350000.0,-16357000.0,-2229000.0,254000.0,,,-2160000.0
AXDX,2015-12-31,False,FY,2015,10-K,147000.0,-45549000.0,-45498000.0,-1.01,-1.01,0.0,139324000.0,134151000.0,5306000.0,120585000.0,133018000.0,-35126000.0,-2675000.0,104823000.0,,,3656000.0
AXDX,2018-03-31,False,Q1,2018,10-Q,801000.0,-20826000.0,-20812000.0,-0.37,-0.37,0.0,213115000.0,207135000.0,7453000.0,126847000.0,106475000.0,-16068000.0,12475000.0,101847000.0,99200000.0,,1294000.0
AXDX,2018-09-30,False,Q3,2018,10-Q,1400000.0,-19369000.0,-22098000.0,-0.41,-0.41,0.0,200656000.0,192884000.0,5470000.0,61622000.0,77406000.0,-53430000.0,-38980000.0,125596000.0,117800000.0,,842000.0
