symbol,end_date,amend,period_focus,fiscal_year,doc_type,revenues,op_income,net_income,eps_basic,eps_diluted,dividend,assets,cur_assets,cur_liab,cash,equity,cash_flow_op,cash_flow_inv,cash_flow_fin,debt,goodwill,cap_ex
BANR,2018-12-31,False,FY,2018,10-K,-804000.0,84008000.0,136515000.0,4.16,4.15,1.96,11871317000.0,,,231029000.0,1478595000.0,30775000.0,-976218000.0,956439000.0,0.0,339154000.0,23094000.0
BANR,2011-06-30,False,Q2,2011,10-Q,6568000.0,,224000.0,0.01,0.01,0.01,4206067000.0,,,216444000.0,511026000.0,54603000.0,-5559000.0,-194252000.0,,,-1413000.0
BANR,2011-09-30,False,Q3,2011,10-Q,6698000.0,,4055000.0,0.24,0.24,0.01,4291764000.0,,,288327000.0,521491000.0,74441000.0,-31718000.0,-116048000.0,,,-2486000.0
BANR,2012-06-30,False,Q2,2012,10-Q,1969000.0,-9064000.0,23386000.0,1.27,1.27,0.01,4221427000.0,,,189176000.0,587192000.0,39568000.0,109023000.0,-91851000.0,,,-1184000.0
BANR,2011-12-31,False,FY,2011,10-K,22262000.0,,-2444000.0,-0.15,-0.15,0.1,4257312000.0,,,132436000.0,532450000.0,101313000.0,-171213000.0,-159316000.0,,,-3587000.0
BANR,2012-09-30,False,Q3,2012,10-Q,1304000.0,11684000.0,15247000.0,0.8,0.79,0.01,4268664000.0,,,203756000.0,566095000.0,68855000.0,78999000.0,-76534000.0,,,3823000.0
BANR,2013-03-31,False,Q1,2013,10-Q,1516000.0,9997000.0,11582000.0,0.6,0.6,0.12,4237626000.0,,,155714000.0,516062000.0,25184000.0,-15166000.0,-35602000.0,,,1133000.0
BANR,2012-03-31,False,Q1,2012,10-Q,2598000.0,,7180000.0,0.4,0.4,0.01,4160764000.0,,,199609000.0,548790000.0,18497000.0,151890000.0,-103214000.0,,,-587000.0
BANR,2013-06-30,False,Q2,2013,10-Q,195000.0,10623000.0,11753000.0,0.61,0.6,0.12,4236290000.0,,,121448000.0,520333000.0,50565000.0,-68571000.0,-41844000.0,,,2439000.0
BANR,2012-12-31,False,FY,2012,10-K,2864000.0,26902000.0,59117000.0,3.17,3.16,0.04,4265564000.0,,,181298000.0,506919000.0,81415000.0,52479000.0,-85032000.0,,,5613000.0
BANR,2013-09-30,False,Q3,2013,10-Q,601000.0,10142000.0,11665000.0,0.6,0.6,0.15,4282553000.0,,,175965000.0,529992000.0,68346000.0,-62604000.0,-11075000.0,,,5510000.0
BANR,2013-12-31,False,FY,2013,10-K,3200000.0,43342000.0,46555000.0,2.4,2.4,0.54,4388166000.0,,,137349000.0,538972000.0,95366000.0,-215126000.0,75811000.0,,,8601000.0
BANR,2014-03-31,False,Q1,2014,10-Q,1127000.0,8858000.0,10570000.0,0.55,0.54,0.18,4488296000.0,,,144775000.0,547524000.0,20149000.0,-102394000.0,89671000.0,,,1231000.0
BANR,2013-12-31,False,FY,2013,10-K,3200000.0,43342000.0,46555000.0,2.4,2.4,0.54,4388166000.0,,,137349000.0,538972000.0,95366000.0,-215126000.0,75811000.0,,,8601000.0
BANR,2014-06-30,False,Q2,2014,10-Q,109000.0,20133000.0,17007000.0,0.88,0.88,0.18,4745299000.0,,,146561000.0,563013000.0,40733000.0,-137934000.0,106413000.0,,,2617000.0
BANR,2016-03-31,False,Q1,2016,10-Q,1158000.0,19959000.0,17774000.0,0.52,0.52,0.21,9745594000.0,,,153706000.0,1320155000.0,21396000.0,58424000.0,-81167000.0,,244811000.0,4331000.0
BANR,2015-09-30,False,Q3,2015,10-Q,66286000.0,14098000.0,12947000.0,0.62,0.62,0.18,5312310000.0,,,74695000.0,671202000.0,50606000.0,-197833000.0,156394000.0,,21148000.0,9847000.0
BANR,2014-09-30,False,Q3,2014,10-Q,190000.0,13350000.0,14843000.0,0.77,0.76,0.18,4759389000.0,,,151725000.0,574058000.0,67371000.0,-161788000.0,108793000.0,,,4024000.0
BANR,2015-03-31,False,Q1,2015,10-Q,63164000.0,13696000.0,12134000.0,0.61,0.61,0.18,5211372000.0,,,298515000.0,651313000.0,5280000.0,78747000.0,88416000.0,,21148000.0,1418000.0
BANR,2014-12-31,False,FY,2014,10-K,1541000.0,54254000.0,54165000.0,2.8,2.79,0.72,4723899000.0,,,126072000.0,583624000.0,98066000.0,-164067000.0,54724000.0,,,5935000.0
BANR,2015-06-30,False,Q2,2015,10-Q,67598000.0,16141000.0,13249000.0,0.64,0.64,0.18,5194258000.0,,,85598000.0,660650000.0,36784000.0,-38768000.0,59886000.0,,21148000.0,5927000.0
BANR,2016-09-30,False,Q3,2016,10-Q,21000.0,23512000.0,23851000.0,0.7,0.7,0.23,9841028000.0,,,161710000.0,1331271000.0,14585000.0,14172000.0,-44757000.0,,244583000.0,9223000.0
BANR,2017-06-30,False,Q2,2017,10-Q,363000.0,22469000.0,25454000.0,0.77,0.77,1.25,10199820000.0,,,196178000.0,1309851000.0,241430000.0,-568721000.0,353120000.0,,244583000.0,5356000.0
BANR,2016-06-30,False,Q2,2016,10-Q,-137000.0,20537000.0,20957000.0,0.62,0.61,0.21,9916205000.0,,,158446000.0,1338517000.0,-14664000.0,-70336000.0,57739000.0,,244583000.0,6096000.0
BANR,2017-09-30,False,Q3,2017,10-Q,-240000.0,20339000.0,25077000.0,0.76,0.76,0.25,10443086000.0,,,192278000.0,1327011000.0,276226000.0,-847770000.0,565591000.0,,244583000.0,7641000.0
BANR,2018-03-31,False,Q1,2018,10-Q,-439000.0,21362000.0,28790000.0,0.89,0.89,0.35,10317264000.0,,,188418000.0,1254123000.0,-74811000.0,-478301000.0,533960000.0,,242659000.0,5024000.0
BANR,2015-12-31,False,FY,2015,10-K,-397000.0,62292000.0,45222000.0,1.9,1.89,0.72,9796298000.0,,,117657000.0,1300059000.0,15369000.0,15059000.0,105417000.0,,247738000.0,12072000.0
BANR,2018-06-30,False,Q2,2018,10-Q,319000.0,21217000.0,32424000.0,1.01,1.0,0.85,10379194000.0,,,195652000.0,1253010000.0,34165000.0,-630227000.0,584287000.0,,242659000.0,9925000.0
BANR,2018-09-30,False,Q3,2018,10-Q,-433000.0,20411000.0,37773000.0,1.17,1.17,0.38,10514303000.0,,,184417000.0,1272198000.0,86211000.0,-782196000.0,683446000.0,,242659000.0,12982000.0
BANR,2017-12-31,False,FY,2017,10-K,2030000.0,93535000.0,60776000.0,1.85,1.84,2.0,9763209000.0,,,199624000.0,1272626000.0,346702000.0,-393287000.0,60066000.0,0.0,242659000.0,12244000.0
BANR,2017-03-31,False,Q1,2017,10-Q,966000.0,20845000.0,23793000.0,0.72,0.72,0.25,10068378000.0,,,196277000.0,1323404000.0,185387000.0,-385078000.0,252680000.0,,244583000.0,3598000.0
BANR,2016-12-31,False,FY,2016,10-K,-175000.0,83470000.0,85385000.0,2.52,2.52,0.88,9793668000.0,,,177083000.0,1305710000.0,-76688000.0,146447000.0,-83957000.0,0.0,244583000.0,16239000.0
