symbol,end_date,amend,period_focus,fiscal_year,doc_type,revenues,op_income,net_income,eps_basic,eps_diluted,dividend,assets,cur_assets,cur_liab,cash,equity,cash_flow_op,cash_flow_inv,cash_flow_fin,debt,goodwill,cap_ex
BCEI,2012-09-30,False,Q3,2012,10-Q,58327823.0,13182809.0,3420887.0,0.04,0.04,0.0,925537805.0,52690203.0,90066635.0,4845583.0,564364605.0,92647818.0,-204914481.0,115022572.0,,,12009040.0
BCEI,2012-06-30,False,Q2,2012,10-Q,51455094.0,19571866.0,21506103.0,0.53,0.53,0.0,810050486.0,50843761.0,75452910.0,2605378.0,559500110.0,56389446.0,-111246546.0,55372804.0,,,6510563.0
BCEI,2014-03-31,False,Q1,2014,10-Q,127395000.0,33635000.0,13531000.0,0.34,0.34,0.0,1620144000.0,227481000.0,220462000.0,131343000.0,671895000.0,77684000.0,-122296000.0,-4627000.0,500000000.0,,194000.0
BCEI,2013-09-30,False,Q3,2013,10-Q,125973199.0,52269491.0,17781421.0,0.44,0.44,0.0,1299771823.0,101850394.0,145822900.0,17368896.0,628482016.0,181254676.0,-337728506.0,169575059.0,300000000.0,,4458881.0
BCEI,2013-03-31,False,Q1,2013,10-Q,78307013.0,25272135.0,11255816.0,0.28,0.28,0.0,1048750286.0,61771258.0,93941245.0,3170403.0,591243236.0,38292479.0,-69930134.0,30540391.0,191500000.0,,3275378.0
BCEI,2015-03-31,False,Q1,2015,10-Q,73076000.0,-34527000.0,-18421000.0,-0.41,-0.41,0.0,2114750000.0,247755000.0,161219000.0,70514000.0,925766000.0,32090000.0,-131818000.0,167658000.0,807313000.0,,112000.0
BCEI,2013-12-31,False,FY,2013,10-K,421860102.0,146994854.0,69183803.0,1.72,1.71,0.0,1545935121.0,264174437.0,175225536.0,180581580.0,656028332.0,307015556.0,-465223311.0,334521668.0,,,5201717.0
BCEI,2014-06-30,False,Q2,2014,10-Q,151682000.0,38641000.0,1158000.0,0.03,0.03,0.0,1647115000.0,152319000.0,236537000.0,36555000.0,680100000.0,157969000.0,-296663000.0,-5333000.0,500000000.0,,271000.0
BCEI,2018-12-31,False,FY,2018,10-K,276657000.0,112394000.0,168186000.0,8.2,8.16,0.0,1061534000.0,134811000.0,99476000.0,12916000.0,863913000.0,116598000.0,-164376000.0,47998000.0,50000000.0,,264231000.0
BCEI,2012-12-31,False,FY,2012,10-K,231205241.0,77903050.0,46522577.0,1.12,1.12,0.0,1002489807.0,55303536.0,102603006.0,4267667.0,578517504.0,156910170.0,-304551205.0,149819028.0,158000000.0,,15787631.0
BCEI,2016-09-30,False,Q3,2016,10-Q,49325000.0,-22879000.0,-34902000.0,-0.71,-0.71,0.0,1224397000.0,176746000.0,1101870000.0,133430000.0,84756000.0,30578000.0,-68223000.0,149734000.0,1022743000.0,,47491000.0
BCEI,2014-12-31,False,FY,2014,10-K,558633000.0,-47506000.0,20283000.0,0.5,0.49,0.0,2006089000.0,208475000.0,198447000.0,2584000.0,740071000.0,327720000.0,-824994000.0,319276000.0,500000000.0,,282000.0
BCEI,2012-03-31,False,Q1,2012,10-Q,49542329.0,19082397.0,8546153.0,0.22,0.22,0.0,725076029.0,43555334.0,66875108.0,,537198233.0,17685294.0,-34739910.0,14964942.0,,,6246577.0
BCEI,2016-03-31,False,Q1,2016,10-Q,44174000.0,-37303000.0,-47237000.0,-0.96,-0.96,0.0,1420847000.0,287651000.0,114897000.0,218599000.0,164945000.0,26531000.0,-37890000.0,208617000.0,1094085000.0,,50000.0
BCEI,2015-06-30,False,Q2,2015,10-Q,90422000.0,-46423000.0,-41164000.0,-0.83,-0.83,0.0,2092886000.0,168426000.0,171424000.0,15340000.0,888518000.0,48163000.0,-245014000.0,209607000.0,850006000.0,,113000.0
BCEI,2016-06-30,False,Q2,2016,10-Q,54530000.0,-18733000.0,-49477000.0,-1.0,-1.0,0.0,1298166000.0,221685000.0,1147269000.0,170171000.0,117804000.0,14756000.0,-58065000.0,192139000.0,1100000000.0,,42753000.0
BCEI,2015-09-30,False,Q3,2015,10-Q,72149000.0,-202340000.0,-112299000.0,-2.25,-2.25,0.0,1943681000.0,169128000.0,192509000.0,25326000.0,779550000.0,85152000.0,-297825000.0,235415000.0,875699000.0,,113000.0
BCEI,2013-06-30,False,Q2,2013,10-Q,84517472.0,22605368.0,14714908.0,0.37,0.37,0.0,1195092636.0,110814888.0,105520830.0,46084655.0,608424078.0,87834624.0,-177574172.0,131556536.0,300000000.0,,12000000.0
BCEI,2014-09-30,False,Q3,2014,10-Q,156371000.0,41474000.0,48782000.0,1.18,1.18,0.0,2066231000.0,214075000.0,230519000.0,92618000.0,780542000.0,275962000.0,-651399000.0,287473000.0,500000000.0,,281000.0
BCEI,2015-12-31,False,FY,2015,10-K,292679000.0,-907444000.0,-745547000.0,-15.57,-15.57,0.0,1273367000.0,120074000.0,135973000.0,21341000.0,209407000.0,95027000.0,-321577000.0,245307000.0,885392000.0,,112000.0
BCEI,2018-03-31,False,Q1,2018,10-Q,64193000.0,22957000.0,13870000.0,0.68,0.68,0.0,872407000.0,58486000.0,103056000.0,5761000.0,703212000.0,15903000.0,-37845000.0,15000000.0,15000000.0,,37664000.0
BCEI,2017-09-30,False,Q3,2017,10-Q,45232000.0,7359000.0,4328000.0,0.21,0.21,0.0,804063000.0,69377000.0,72720000.0,31096000.0,693067000.0,11419000.0,-48108000.0,-2398000.0,0.0,,0.0
BCEI,2017-03-31,False,Q1,2017,10-Q,52559000.0,-2096000.0,-94276000.0,-1.91,-1.91,0.0,1135165000.0,127513000.0,287566000.0,91935000.0,-73825000.0,15652000.0,-3947000.0,-335000.0,991667000.0,,3425000.0
BCEI,2017-12-31,False,FY,2017,10-K,,,,,,0.0,830371000.0,53153000.0,89219000.0,12711000.0,688334000.0,27574000.0,-82648000.0,-2398000.0,0.0,,0.0
BCEI,2017-06-30,False,Q2,2017,10-Q,28114000.0,-3543000.0,-3580000.0,-0.18,-0.18,0.0,786544000.0,84319000.0,50907000.0,54212000.0,686411000.0,-3833000.0,-10058000.0,-2080000.0,0.0,,0.0
BCEI,2018-06-30,False,Q2,2018,10-Q,71872000.0,27399000.0,4859000.0,0.24,0.24,0.0,927442000.0,81838000.0,99013000.0,21989000.0,710429000.0,42149000.0,-93037000.0,60174000.0,60000000.0,,91482000.0
BCEI,2018-09-30,False,Q3,2018,10-Q,74380000.0,32636000.0,43363000.0,2.11,2.1,0.0,938435000.0,106468000.0,123258000.0,24007000.0,755596000.0,67022000.0,-55955000.0,237000.0,0.0,,156820000.0
BCEI,2016-12-31,False,FY,2016,10-K,195295000.0,-129110000.0,-198950000.0,-4.04,-4.04,0.0,1134478000.0,112428000.0,1070466000.0,80565000.0,19061000.0,14563000.0,-67401000.0,112062000.0,985365000.0,,0.0
