symbol,end_date,amend,period_focus,fiscal_year,doc_type,revenues,op_income,net_income,eps_basic,eps_diluted,dividend,assets,cur_assets,cur_liab,cash,equity,cash_flow_op,cash_flow_inv,cash_flow_fin,debt,goodwill,cap_ex
INSP,2011-12-31,False,FY,2011,10-K,228813000.0,,21594000.0,0.57,0.56,0.0,395139000.0,321070000.0,39197000.0,81897000.0,355105000.0,25263000.0,-115473000.0,23256000.0,,44815000.0,2679000.0
INSP,2011-06-30,False,Q2,2011,10-Q,54292000.0,,-3910000.0,-0.1,-0.1,0.0,357824000.0,288999000.0,33282000.0,70698000.0,323785000.0,8506000.0,-96765000.0,10106000.0,,57465000.0,2209000.0
INSP,2011-09-30,False,Q3,2011,10-Q,56257000.0,,2075000.0,0.05,0.05,0.0,359517000.0,302987000.0,29501000.0,59805000.0,329258000.0,13056000.0,-123734000.0,21632000.0,,44815000.0,2507000.0
INSP,2011-06-30,True,Q2,2011,10-Q,,,,,,0.0,347338000.0,289265000.0,33399000.0,70698000.0,313182000.0,,,,,44815000.0,
BCOR,2013-03-31,False,Q1,2013,10-Q,165338000.0,,23608000.0,0.58,0.53,0.0,833521000.0,455001000.0,80116000.0,264635000.0,471053000.0,31755000.0,-48671000.0,213273000.0,,230290000.0,1543000.0
BCOR,2012-09-30,False,Q3,2012,10-Q,92870000.0,,-2398000.0,-0.06,-0.06,0.0,590725000.0,191448000.0,62510000.0,96407000.0,406257000.0,38960000.0,-124011000.0,99561000.0,74496000.0,230980000.0,2776000.0
INSP,2012-03-31,False,Q1,2012,10-Q,115696000.0,,11406000.0,0.29,0.28,0.0,576100000.0,167552000.0,64841000.0,101840000.0,381071000.0,19048000.0,-94909000.0,95804000.0,,230980000.0,193000.0
BCOR,2012-06-30,False,Q2,2012,10-Q,100883000.0,,9698000.0,0.24,0.23,0.0,583644000.0,178603000.0,54977000.0,135836000.0,402118000.0,31359000.0,-73009000.0,95589000.0,,230980000.0,494000.0
BCOR,2013-09-30,False,Q3,2013,10-Q,124121000.0,6127000.0,-6481000.0,-0.16,-0.16,0.0,887494000.0,337726000.0,97830000.0,97821000.0,483634000.0,65388000.0,-242460000.0,206615000.0,266634000.0,343139000.0,3066000.0
BCOR,2013-06-30,False,Q2,2013,10-Q,117181000.0,,8406000.0,0.2,0.2,0.0,834380000.0,462325000.0,66415000.0,217434000.0,490719000.0,48978000.0,-110888000.0,211066000.0,,230290000.0,2047000.0
BCOR,2012-12-31,False,FY,2012,10-K,406919000.0,,22526000.0,0.56,0.54,0.0,585293000.0,212073000.0,67688000.0,68278000.0,415450000.0,48831000.0,-165073000.0,102623000.0,74496000.0,230290000.0,3756000.0
BCOR,2013-12-31,False,FY,2013,10-K,573980000.0,74449000.0,24399000.0,0.59,0.56,0.0,978030000.0,428678000.0,289373000.0,130225000.0,514070000.0,95056000.0,-303693000.0,270584000.0,322634000.0,348957000.0,4747000.0
BCOR,2014-03-31,False,Q1,2014,10-Q,216183000.0,44616000.0,25987000.0,0.62,0.58,0.0,969388000.0,427875000.0,98739000.0,142756000.0,565994000.0,26595000.0,7533000.0,-21597000.0,,348957000.0,1247000.0
BCOR,2014-06-30,False,Q2,2014,10-Q,141569000.0,17774000.0,8737000.0,0.21,0.2,0.0,931717000.0,357435000.0,80763000.0,69764000.0,566364000.0,35250000.0,-48793000.0,-46918000.0,,364054000.0,2859000.0
BCOR,2014-12-31,False,FY,2014,10-K,580720000.0,-8441000.0,-35547000.0,-0.86,-0.86,0.0,872714000.0,378304000.0,75058000.0,46444000.0,479025000.0,55734000.0,-101936000.0,-37579000.0,295190000.0,304658000.0,5213000.0
BCOR,2015-06-30,False,Q2,2015,10-Q,118976000.0,12176000.0,4251000.0,0.1,0.1,0.0,849729000.0,371584000.0,61739000.0,59498000.0,541632000.0,34690000.0,13523000.0,-35159000.0,,304658000.0,2105000.0
BCOR,2014-09-30,False,Q3,2014,10-Q,114855000.0,-1324000.0,-2238000.0,-0.05,-0.05,0.0,919074000.0,353069000.0,76447000.0,60194000.0,556830000.0,51158000.0,-64321000.0,-56868000.0,,364054000.0,4247000.0
BCOR,2015-03-31,False,Q1,2015,10-Q,174826000.0,38707000.0,23100000.0,0.56,0.55,0.0,877106000.0,390277000.0,75527000.0,61854000.0,527796000.0,28189000.0,3016000.0,-15795000.0,,304658000.0,1002000.0
BCOR,2016-06-30,False,Q2,2016,10-Q,120108000.0,22354000.0,-14445000.0,-0.35,-0.34,0.0,1215885000.0,272791000.0,98127000.0,74273000.0,511135000.0,65488000.0,25000.0,-52934000.0,,551030000.0,1528000.0
BCOR,2016-03-31,False,Q1,2016,10-Q,165765000.0,39446000.0,22667000.0,0.55,0.54,0.0,1269736000.0,318041000.0,127221000.0,67955000.0,509802000.0,51727000.0,-1080000.0,-42481000.0,,551027000.0,677000.0
BCOR,2017-03-31,False,Q1,2017,10-Q,182375000.0,43889000.0,30584000.0,0.73,0.67,0.0,1027183000.0,112671000.0,59494000.0,74609000.0,505460000.0,52900000.0,5767000.0,-36259000.0,,548778000.0,1165000.0
BCOR,2018-03-31,False,Q1,2018,10-Q,205965000.0,52734000.0,45338000.0,0.97,0.93,0.0,1010072000.0,116264000.0,49601000.0,77107000.0,593141000.0,57450000.0,-940000.0,-39569000.0,,548916000.0,940000.0
BCOR,2015-12-31,False,FY,2015,10-K,117708000.0,-4807000.0,-40074000.0,-0.98,-0.98,0.0,1299548000.0,340675000.0,166104000.0,55473000.0,462284000.0,16341000.0,-336024000.0,328619000.0,607650000.0,548959000.0,1512000.0
BCOR,2016-09-30,False,Q3,2016,10-Q,83237000.0,-10508000.0,-54119000.0,-1.3,-1.3,0.0,1114288000.0,179975000.0,82546000.0,71165000.0,451505000.0,70095000.0,2225000.0,-103202000.0,,549582000.0,2648000.0
BCOR,2015-09-30,False,Q3,2015,10-Q,84781000.0,-13662000.0,-10611000.0,-0.26,-0.26,0.0,836474000.0,361171000.0,59051000.0,59638000.0,535742000.0,30940000.0,15282000.0,-33022000.0,,308827000.0,3115000.0
BCOR,2016-12-31,False,FY,2016,10-K,455911000.0,37117000.0,-65158000.0,-1.57,-1.57,0.0,1022659000.0,97847000.0,54367000.0,51713000.0,417019000.0,71215000.0,-1560000.0,-146044000.0,436059000.0,548741000.0,3812000.0
BCOR,2017-12-31,False,FY,2017,10-K,509557000.0,48037000.0,27039000.0,0.61,0.57,0.0,1001671000.0,99397000.0,51756000.0,62311000.0,541387000.0,72846000.0,2053000.0,-68562000.0,345000000.0,549037000.0,5039000.0
BCOR,2017-09-30,False,Q3,2017,10-Q,90171000.0,-11326000.0,-16897000.0,-0.37,-0.37,0.0,1005669000.0,107624000.0,48171000.0,78558000.0,528425000.0,79230000.0,3283000.0,-58649000.0,,549064000.0,3809000.0
BCOR,2017-06-30,False,Q2,2017,10-Q,139162000.0,29995000.0,3304000.0,0.08,0.07,0.0,1015166000.0,109401000.0,48681000.0,78312000.0,528347000.0,81136000.0,5181000.0,-62170000.0,,548890000.0,1911000.0
