symbol,end_date,amend,period_focus,fiscal_year,doc_type,revenues,op_income,net_income,eps_basic,eps_diluted,dividend,assets,cur_assets,cur_liab,cash,equity,cash_flow_op,cash_flow_inv,cash_flow_fin,debt,goodwill,cap_ex
BDX,2018-12-31,False,Q1,2019,10-Q,4160000000.0,888000000.0,562000000.0,2.09,2.05,0.77,52932000000.0,6941000000.0,7145000000.0,943000000.0,21404000000.0,245000000.0,299000000.0,-734000000.0,,23505000000.0,167000000.0
BDX,2010-03-31,False,Q2,2010,10-Q,1844854000.0,430495000.0,297631000.0,1.26,1.24,0.37,8943392000.0,3939493000.0,1467466000.0,830688000.0,5149634000.0,687596000.0,-472291000.0,-777628000.0,,764059000.0,229597000.0
BDX,2012-03-31,False,Q2,2012,10-Q,1990818000.0,406438000.0,291033000.0,1.41,1.39,0.45,11195392000.0,5300585000.0,1621489000.0,1839490000.0,4476288000.0,610419000.0,-225865000.0,277511000.0,,1032493000.0,214516000.0
BDX,2010-12-31,False,Q1,2011,10-Q,1842005000.0,413078000.0,315937000.0,1.39,1.36,0.41,10071270000.0,4950841000.0,1612353000.0,1249355000.0,4877933000.0,469743000.0,-567350000.0,135987000.0,,760962000.0,79842000.0
BDX,2011-06-30,False,Q3,2011,10-Q,2014081000.0,471707000.0,343058000.0,1.57,1.53,0.41,10620819000.0,5073133000.0,1657926000.0,1158037000.0,5298400000.0,1174492000.0,-830996000.0,-408253000.0,,867778000.0,321268000.0
BDX,2010-06-30,False,Q3,2010,10-Q,1878229000.0,440100000.0,306908000.0,1.32,1.29,0.37,9031673000.0,4123061000.0,1531426000.0,750106000.0,5153877000.0,1194347000.0,-879268000.0,-956184000.0,,754951000.0,329985000.0
BDX,2012-12-31,False,Q1,2013,10-Q,1900192000.0,392089000.0,625436000.0,3.18,3.13,0.495,11629437000.0,5477472000.0,2003782000.0,1917472000.0,4469469000.0,225905000.0,391292000.0,-378817000.0,,1097691000.0,80385000.0
BDX,2011-09-30,False,FY,2011,10-K,7828904000.0,1763282000.0,1270994000.0,5.75,5.62,1.64,10430428000.0,4668331000.0,1823228000.0,1175282000.0,4828175000.0,1712530000.0,-1039337000.0,-714382000.0,,991121000.0,515385000.0
BDX,2011-03-31,False,Q2,2011,10-Q,1922023000.0,440340000.0,312019000.0,1.41,1.38,0.41,10344223000.0,4856630000.0,1578911000.0,748588000.0,5099061000.0,706888000.0,-1023996000.0,-155490000.0,,866260000.0,193688000.0
BDX,2012-06-30,False,Q3,2012,10-Q,1980530000.0,449018000.0,326866000.0,1.62,1.59,0.45,11024864000.0,5284715000.0,1889669000.0,1658719000.0,4234504000.0,1135936000.0,-644211000.0,-56353000.0,,1016576000.0,313481000.0
BDX,2013-03-31,False,Q2,2013,10-Q,2000375000.0,381132000.0,275637000.0,1.42,1.39,0.495,11629923000.0,5499998000.0,1878039000.0,2023860000.0,4588782000.0,542947000.0,414880000.0,-500080000.0,,1099682000.0,197333000.0
BDX,2013-06-30,False,Q3,2013,10-Q,2052664000.0,404555000.0,301550000.0,1.55,1.52,0.495,11587047000.0,5434511000.0,1692817000.0,1962086000.0,4716520000.0,989288000.0,296345000.0,-830151000.0,,1092337000.0,339024000.0
BDX,2010-09-30,False,FY,2010,10-K,7372333000.0,1676797000.0,1317610000.0,5.62,5.49,1.48,9650694000.0,4505250000.0,1671673000.0,1215989000.0,5434580000.0,1659017000.0,-699965000.0,-1222687000.0,,763961000.0,537306000.0
BDX,2011-12-31,False,Q1,2012,10-Q,1887645000.0,358569000.0,262985000.0,1.23,1.21,0.45,11413363000.0,5694144000.0,1606374000.0,2196278000.0,4727554000.0,313019000.0,-251914000.0,959167000.0,,992736000.0,103653000.0
BDX,2012-09-30,False,FY,2012,10-K,7708382000.0,1557885000.0,1169927000.0,5.69,5.59,1.8,11360909000.0,5322071000.0,1978055000.0,1671165000.0,4135889000.0,1693364000.0,-894129000.0,-370172000.0,,1076077000.0,487430000.0
BDX,2009-06-30,False,Q3,2009,10-Q,1820255000.0,431763000.0,341027000.0,1.42,1.39,0.33,8848987000.0,4491537000.0,1646462000.0,1331601000.0,5211896000.0,1048148000.0,-713949000.0,162014000.0,,610782000.0,354068000.0
BDX,2009-09-30,False,FY,2009,10-K,7160874000.0,1650353000.0,1231603000.0,5.12,4.99,0.0,9304624000.0,4646954000.0,1777093000.0,1394244000.0,5142712000.0,1691520000.0,-1072957000.0,-79696000.0,,621872000.0,591103000.0
BDX,2009-09-30,True,FY,2009,10-K,7160874000.0,1650353000.0,1231603000.0,5.12,4.99,0.0,9304624000.0,4646954000.0,1777093000.0,1394244000.0,5142712000.0,1691520000.0,-1072957000.0,-79696000.0,,621872000.0,591103000.0
BDX,2009-12-31,False,Q1,2010,10-Q,1916774000.0,446020000.0,316376000.0,1.33,1.3,0.37,9094276000.0,4056893000.0,1538827000.0,1182306000.0,5260159000.0,394628000.0,-141828000.0,-466673000.0,,769975000.0,111564000.0
BDX,2014-12-31,False,Q1,2015,10-Q,2051000000.0,349000000.0,236000000.0,1.22,1.2,0.6,18503000000.0,12111000000.0,2081000000.0,8540000000.0,5068000000.0,286000000.0,368000000.0,6033000000.0,,1140000000.0,105000000.0
BDX,2013-12-31,False,Q1,2014,10-Q,2015000000.0,378000000.0,271000000.0,1.4,1.37,0.545,12035000000.0,5743000000.0,1997000000.0,1679000000.0,5078000000.0,355000000.0,-267000000.0,-298000000.0,,1105000000.0,99000000.0
BDX,2014-03-31,False,Q2,2014,10-Q,2072000000.0,381000000.0,287000000.0,1.48,1.45,0.545,12250000000.0,5946000000.0,2016000000.0,1731000000.0,5315000000.0,768000000.0,-498000000.0,-422000000.0,,1124000000.0,214000000.0
BDX,2013-09-30,False,FY,2013,10-K,8054000000.0,1254000000.0,1293000000.0,6.63,6.49,1.98,12149000000.0,5873000000.0,2130000000.0,1890000000.0,5043000000.0,1717000000.0,-311000000.0,-968000000.0,,1109000000.0,522000000.0
BDX,2015-12-31,False,Q1,2016,10-Q,2986000000.0,352000000.0,229000000.0,1.08,1.06,0.66,26046000000.0,5641000000.0,4529000000.0,1583000000.0,7223000000.0,463000000.0,-145000000.0,-145000000.0,,7372000000.0,134000000.0
BDX,2014-09-30,False,FY,2014,10-K,8446000000.0,1606000000.0,1185000000.0,6.13,5.99,2.18,12447000000.0,6131000000.0,2235000000.0,1861000000.0,5053000000.0,1746000000.0,-948000000.0,-807000000.0,0.0,1090000000.0,592000000.0
BDX,2016-03-31,False,Q2,2016,10-Q,3067000000.0,466000000.0,338000000.0,1.59,1.56,0.66,26236000000.0,6612000000.0,4380000000.0,1696000000.0,7666000000.0,1020000000.0,-170000000.0,-576000000.0,,7448000000.0,258000000.0
BDX,2016-12-31,False,Q1,2017,10-Q,2922000000.0,811000000.0,562000000.0,2.64,2.58,0.73,24318000000.0,5187000000.0,4570000000.0,919000000.0,7583000000.0,315000000.0,48000000.0,-955000000.0,,7363000000.0,112000000.0
BDX,2015-03-31,False,Q2,2015,10-Q,2051000000.0,293000000.0,216000000.0,1.1,1.08,0.6,28293000000.0,6996000000.0,4497000000.0,1912000000.0,7159000000.0,514000000.0,-7829000000.0,7392000000.0,,7663000000.0,252000000.0
BDX,2015-06-30,False,Q3,2015,10-Q,3120000000.0,137000000.0,62000000.0,0.3,0.29,0.6,27079000000.0,6303000000.0,4517000000.0,1559000000.0,7253000000.0,1052000000.0,-8003000000.0,6667000000.0,,7464000000.0,387000000.0
BDX,2015-09-30,False,FY,2015,10-K,10282000000.0,1074000000.0,695000000.0,3.43,3.35,2.4,26820000000.0,6045000000.0,4386000000.0,1424000000.0,7164000000.0,1730000000.0,-8318000000.0,6190000000.0,0.0,7537000000.0,596000000.0
BDX,2014-06-30,False,Q3,2014,10-Q,2157000000.0,445000000.0,326000000.0,1.69,1.65,0.545,12374000000.0,6045000000.0,2093000000.0,1661000000.0,5378000000.0,1207000000.0,-730000000.0,-701000000.0,,1116000000.0,339000000.0
BDX,2016-09-30,False,FY,2016,10-K,12483000000.0,1430000000.0,976000000.0,4.59,4.49,2.64,25586000000.0,6367000000.0,4400000000.0,1541000000.0,7633000000.0,2559000000.0,-669000000.0,-1761000000.0,0.0,7419000000.0,693000000.0
BDX,2017-03-31,False,Q2,2017,10-Q,2969000000.0,446000000.0,344000000.0,1.61,1.58,0.73,24121000000.0,4891000000.0,4018000000.0,548000000.0,7963000000.0,1040000000.0,-155000000.0,-1861000000.0,,7405000000.0,272000000.0
BDX,2016-06-30,False,Q3,2016,10-Q,3198000000.0,516000000.0,390000000.0,1.83,1.8,0.66,26016000000.0,6534000000.0,4219000000.0,1686000000.0,8033000000.0,1854000000.0,-318000000.0,-1276000000.0,,7425000000.0,405000000.0
BDX,2017-06-30,False,Q3,2017,10-Q,3035000000.0,-223000000.0,-165000000.0,-0.75,-0.75,0.73,37166000000.0,18212000000.0,3273000000.0,13852000000.0,12587000000.0,1424000000.0,-536000000.0,11433000000.0,,7513000000.0,467000000.0
BDX,2018-06-30,False,Q3,2018,10-Q,4278000000.0,513000000.0,556000000.0,2.08,2.03,0.75,53977000000.0,7525000000.0,6106000000.0,1384000000.0,21357000000.0,1559000000.0,-15298000000.0,949000000.0,1230000000.0,23505000000.0,588000000.0
BDX,2018-03-31,False,Q2,2018,10-Q,4222000000.0,183000000.0,-50000000.0,-0.19,-0.19,0.75,54573000000.0,7512000000.0,4426000000.0,1251000000.0,21152000000.0,1017000000.0,-15540000000.0,1565000000.0,1400000000.0,23491000000.0,391000000.0
BDX,2017-12-31,False,Q1,2018,10-Q,3080000000.0,230000000.0,-174000000.0,-0.76,-0.76,0.75,55363000000.0,7542000000.0,4895000000.0,1124000000.0,21247000000.0,320000000.0,-15315000000.0,1938000000.0,2250000000.0,22699000000.0,178000000.0
BDX,2017-09-30,False,FY,2017,10-K,12093000000.0,1478000000.0,1030000000.0,4.7,4.6,2.92,37734000000.0,18633000000.0,3342000000.0,14179000000.0,12948000000.0,2550000000.0,-883000000.0,10977000000.0,0.0,7563000000.0,727000000.0
BDX,2018-09-30,False,FY,2018,10-K,15983000000.0,1497000000.0,159000000.0,0.62,0.6,3.0,53904000000.0,7411000000.0,7216000000.0,1140000000.0,20994000000.0,2865000000.0,-15829000000.0,-58000000.0,710000000.0,23600000000.0,895000000.0
