symbol,end_date,amend,period_focus,fiscal_year,doc_type,revenues,op_income,net_income,eps_basic,eps_diluted,dividend,assets,cur_assets,cur_liab,cash,equity,cash_flow_op,cash_flow_inv,cash_flow_fin,debt,goodwill,cap_ex
BK,2011-12-31,False,FY,2011,10-K,14680000000.0,,2516000000.0,2.03,2.03,0.48,325266000000.0,,,4884000000.0,34087000000.0,2211000000.0,-80178000000.0,78765000000.0,19933000000.0,17904000000.0,642000000.0
BK,2012-12-31,False,FY,2012,10-K,14479000000.0,,2427000000.0,2.04,2.03,0.52,358990000000.0,,,4182000000.0,37264000000.0,1629000000.0,-29387000000.0,28288000000.0,18530000000.0,18075000000.0,652000000.0
BK,2012-03-31,False,Q1,2012,10-Q,3635000000.0,,619000000.0,0.52,0.52,0.13,300169000000.0,,,4333000000.0,34709000000.0,114000000.0,24367000000.0,-24352000000.0,20336000000.0,18002000000.0,129000000.0
BK,2018-12-31,False,FY,2018,10-K,5993000000.0,,4097000000.0,4.06,4.04,1.04,362873000000.0,,,909000000.0,40739000000.0,5996000000.0,3299000000.0,-8098000000.0,29163000000.0,17350000000.0,1108000000.0
BK,2011-03-31,False,Q1,2011,10-Q,3602000000.0,,625000000.0,0.5,0.5,0.09,266444000000.0,,,4058000000.0,34035000000.0,426000000.0,-16480000000.0,16430000000.0,17215000000.0,18156000000.0,164000000.0
BK,2012-09-30,False,Q3,2012,10-Q,3650000000.0,,720000000.0,0.61,0.61,0.0,339944000000.0,,,4991000000.0,36999000000.0,1273000000.0,-10375000000.0,9906000000.0,19516000000.0,17984000000.0,453000000.0
BK,2011-06-30,False,Q2,2011,10-Q,3829000000.0,,735000000.0,0.59,0.59,0.0,304706000000.0,,,5560000000.0,34606000000.0,997000000.0,-52024000000.0,52900000000.0,17004000000.0,18191000000.0,367000000.0
BK,2013-06-30,False,Q2,2013,10-Q,3970000000.0,,833000000.0,0.71,0.71,0.0,360505000000.0,,,6940000000.0,36742000000.0,-959000000.0,-632000000.0,3931000000.0,18481000000.0,17919000000.0,258000000.0
BK,2013-03-31,False,Q1,2013,10-Q,3597000000.0,,-266000000.0,-0.23,-0.23,0.13,355942000000.0,,,4440000000.0,36496000000.0,-2744000000.0,7261000000.0,-4755000000.0,19854000000.0,17920000000.0,126000000.0
BK,2011-09-30,False,Q3,2011,10-Q,3681000000.0,,651000000.0,0.53,0.53,0.0,322187000000.0,,,6691000000.0,34405000000.0,-683000000.0,-69132000000.0,73125000000.0,19399000000.0,18045000000.0,580000000.0
BK,2013-12-31,False,FY,2013,10-K,14903000000.0,,2047000000.0,1.75,1.74,0.58,374310000000.0,,,6959000000.0,38304000000.0,-642000000.0,-13200000000.0,15621000000.0,19864000000.0,18073000000.0,609000000.0
BK,2014-03-31,False,Q1,2014,10-Q,3627000000.0,,661000000.0,0.57,0.57,0.15,368241000000.0,,,6092000000.0,38757000000.0,-1055000000.0,7401000000.0,-6717000000.0,20616000000.0,18100000000.0,201000000.0
BK,2012-06-30,False,Q2,2012,10-Q,3588000000.0,,466000000.0,0.39,0.39,0.0,330283000000.0,,,4522000000.0,35255000000.0,374000000.0,-5793000000.0,5781000000.0,19536000000.0,17909000000.0,276000000.0
BK,2014-06-30,False,Q2,2014,10-Q,3728000000.0,,554000000.0,0.48,0.48,0.0,400740000000.0,,,6173000000.0,39235000000.0,2385000000.0,-26318000000.0,23635000000.0,20327000000.0,18196000000.0,380000000.0
BK,2013-09-30,False,Q3,2013,10-Q,3759000000.0,,967000000.0,0.83,0.82,0.0,371952000000.0,,,7304000000.0,37780000000.0,-55000000.0,-8537000000.0,11244000000.0,18889000000.0,18025000000.0,372000000.0
BK,2010-03-31,False,Q1,2010,10-Q,883000000.0,,559000000.0,0.46,0.46,0.09,220551000000.0,,,3307000000.0,30455000000.0,1191000000.0,512000000.0,-2126000000.0,16335000000.0,16077000000.0,44000000.0
BK,2009-06-30,False,Q2,2009,10-Q,3102000000.0,,176000000.0,0.15,0.15,0.0,203012000000.0,,,3836000000.0,27304000000.0,313000000.0,30889000000.0,-32195000000.0,17363000000.0,16040000000.0,187000000.0
BK,2009-09-30,False,Q3,2009,10-Q,-1387000000.0,,-2458000000.0,-2.05,-2.05,0.0,212007000000.0,,,3358000000.0,28316000000.0,2518000000.0,24800000000.0,-28809000000.0,17486000000.0,16022000000.0,282000000.0
BK,2009-12-31,False,FY,2009,10-K,8279000000.0,,-1367000000.0,-1.16,-1.16,0.51,212224000000.0,,,3732000000.0,29003000000.0,3781000000.0,23088000000.0,-27973000000.0,17234000000.0,16249000000.0,318000000.0
BK,2010-09-30,False,Q3,2010,10-Q,3435000000.0,,622000000.0,0.51,0.51,0.0,254157000000.0,,,3693000000.0,32850000000.0,2889000000.0,-16251000000.0,13292000000.0,16720000000.0,7670000000.0,120000000.0
BK,2010-06-30,False,Q2,2010,10-Q,3325000000.0,,658000000.0,0.54,0.54,0.0,235693000000.0,,,3569000000.0,31105000000.0,-142000000.0,-14345000000.0,14345000000.0,16754000000.0,7574000000.0,82000000.0
BK,2015-03-31,False,Q1,2015,10-Q,3761000000.0,,766000000.0,0.67,0.67,0.17,399088000000.0,,,7167000000.0,38665000000.0,-64000000.0,-10303000000.0,10587000000.0,20401000000.0,17663000000.0,162000000.0
BK,2010-12-31,False,FY,2010,10-K,13816000000.0,,2518000000.0,2.06,2.05,0.36,247259000000.0,,,3452000000.0,33065000000.0,4050000000.0,-14937000000.0,10790000000.0,16517000000.0,18042000000.0,230000000.0
BK,2014-09-30,False,Q3,2014,10-Q,4588000000.0,,1070000000.0,0.93,0.93,0.0,386296000000.0,,,6410000000.0,39352000000.0,3298000000.0,-10659000000.0,7411000000.0,21583000000.0,17992000000.0,595000000.0
BK,2014-12-31,False,FY,2014,10-K,15608000000.0,,2494000000.0,2.17,2.15,0.66,385303000000.0,,,7517000000.0,38474000000.0,4484000000.0,-11675000000.0,7829000000.0,20264000000.0,17869000000.0,791000000.0
BK,2015-06-30,False,Q2,2015,10-Q,3849000000.0,,830000000.0,0.74,0.73,0.0,395254000000.0,,,8353000000.0,39180000000.0,2634000000.0,-18050000000.0,16829000000.0,20375000000.0,17807000000.0,312000000.0
BK,2015-09-30,False,Q3,2015,10-Q,3795000000.0,,820000000.0,0.74,0.74,0.0,377371000000.0,,,8234000000.0,38952000000.0,3985000000.0,-248000000.0,-2515000000.0,21430000000.0,17679000000.0,427000000.0
BK,2016-03-31,False,Q1,2016,10-Q,3737000000.0,,804000000.0,0.73,0.73,0.17,372870000000.0,,,3928000000.0,39116000000.0,1794000000.0,20080000000.0,-24487000000.0,21686000000.0,17604000000.0,148000000.0
BK,2016-12-31,False,FY,2016,10-K,2200000000.0,,3425000000.0,3.16,3.15,0.72,333469000000.0,,,9117000000.0,39429000000.0,6246000000.0,51203000000.0,-59050000000.0,24463000000.0,17316000000.0,825000000.0
BK,2016-09-30,False,Q3,2016,10-Q,3933000000.0,,974000000.0,0.9,0.9,0.0,374114000000.0,,,4957000000.0,40195000000.0,1557000000.0,21058000000.0,-24178000000.0,24374000000.0,17449000000.0,495000000.0
BK,2016-06-30,False,Q2,2016,10-Q,3772000000.0,,825000000.0,0.76,0.75,0.0,372351000000.0,,,5809000000.0,39125000000.0,1462000000.0,25696000000.0,-27706000000.0,23573000000.0,17501000000.0,349000000.0
BK,2017-03-31,False,Q1,2017,10-Q,3825000000.0,,880000000.0,0.83,0.83,0.19,337536000000.0,,,5366000000.0,39672000000.0,-1233000000.0,-2291000000.0,4032000000.0,26346000000.0,17355000000.0,286000000.0
BK,2015-12-31,False,FY,2015,10-K,15126000000.0,,3053000000.0,2.73,2.71,0.68,393780000000.0,,,9383000000.0,38775000000.0,4127000000.0,-19787000000.0,15185000000.0,21547000000.0,17618000000.0,601000000.0
BK,2017-06-30,False,Q2,2017,10-Q,3953000000.0,,926000000.0,0.88,0.88,0.0,354815000000.0,,,4725000000.0,40317000000.0,-1855000000.0,-13428000000.0,15073000000.0,27699000000.0,17457000000.0,722000000.0
BK,2018-03-31,False,Q1,2018,10-Q,4189000000.0,,1135000000.0,1.11,1.1,0.24,373597000000.0,,,4636000000.0,41940000000.0,-852000000.0,-1430000000.0,971000000.0,27939000000.0,17596000000.0,173000000.0
BK,2018-06-30,False,Q2,2018,10-Q,4131000000.0,,1055000000.0,1.04,1.03,0.0,352928000000.0,,,5361000000.0,41557000000.0,1568000000.0,15214000000.0,-16835000000.0,28260000000.0,17418000000.0,505000000.0
BK,2018-09-30,False,Q3,2018,10-Q,4066000000.0,,1075000000.0,1.07,1.06,0.28,349770000000.0,,,5047000000.0,41650000000.0,2812000000.0,18017000000.0,-21556000000.0,28113000000.0,17390000000.0,819000000.0
BK,2017-09-30,False,Q3,2017,10-Q,4013000000.0,,983000000.0,0.94,0.94,0.0,354397000000.0,,,5557000000.0,40907000000.0,3350000000.0,-14003000000.0,11231000000.0,28408000000.0,17543000000.0,933000000.0
BK,2017-12-31,False,FY,2017,10-K,2400000000.0,,3915000000.0,3.74,3.72,0.86,371758000000.0,,,1301000000.0,41567000000.0,4641000000.0,-31050000000.0,26780000000.0,27979000000.0,17564000000.0,1197000000.0
