symbol,end_date,amend,period_focus,fiscal_year,doc_type,revenues,op_income,net_income,eps_basic,eps_diluted,dividend,assets,cur_assets,cur_liab,cash,equity,cash_flow_op,cash_flow_inv,cash_flow_fin,debt,goodwill,cap_ex
BKU,2012-03-31,False,Q1,2012,10-Q,206688.0,,50272.0,0.49,0.49,0.17,12198884.0,,,43804.0,1644933.0,-97621.0,-184064.0,290004.0,,,8462.0
BKU,2018-12-31,False,FY,2018,10-K,1581166000.0,,311819000.0,3.01,2.99,0.84,32164326000.0,,,9392000.0,2923833000.0,824252000.0,-2041531000.0,1404770000.0,394390000.0,78000000.0,190500000.0
BKU,2014-03-31,False,Q1,2014,10-Q,220752000.0,,55271000.0,0.53,0.53,0.21,15751652000.0,,,41947000.0,1979704000.0,-18640000.0,-606390000.0,635442000.0,,68898000.0,16352000.0
BKU,2015-06-30,False,Q2,2015,10-Q,233692000.0,,46637000.0,0.44,0.43,0.21,21401793000.0,,,40576000.0,2146335000.0,76248000.0,-2265015000.0,2166110000.0,,78511000.0,16025000.0
BKU,2013-06-30,False,Q2,2013,10-Q,192178000.0,,54008000.0,0.52,0.52,0.21,13233425000.0,,,47160000.0,1852709000.0,-45936000.0,-997313000.0,761448000.0,,69413000.0,12084000.0
BKU,2012-12-31,False,FY,2012,10-K,810103000.0,,207361000.0,2.05,2.05,0.72,12375953000.0,,,61088000.0,1806680000.0,-351606000.0,201000000.0,342217000.0,,67231000.0,31958000.0
BKU,2012-06-30,False,Q2,2012,10-Q,199581000.0,,48008000.0,0.48,0.48,0.17,12429961000.0,,,41691000.0,1692251000.0,-170366000.0,-420793000.0,451561000.0,,,15395000.0
BKU,2013-09-30,False,Q3,2013,10-Q,188990000.0,,54309000.0,0.52,0.52,0.21,14308014000.0,,,42360000.0,1885814000.0,-42803000.0,-1669700000.0,1742829000.0,,69240000.0,16194000.0
BKU,2015-09-30,False,Q3,2015,10-Q,255071000.0,,98287000.0,0.96,0.95,0.21,22537671000.0,,,25262000.0,2210568000.0,160156000.0,-3237803000.0,3166411000.0,,78408000.0,20421000.0
BKU,2011-06-30,False,Q1,2011,10-Q,204954502.0,,43994502.0,0.44,0.44,0.14,10846659000.0,,,34899000.0,1476673000.0,-122995000.0,174666000.0,-272686000.0,,,17803000.0
BKU,2011-12-31,False,FY,2011,10-K,801314000.0,,63168000.0,0.63,0.62,0.56,11322038000.0,,,39894000.0,1535280000.0,-248545000.0,-235920000.0,223433000.0,,,42638000.0
BKU,2011-09-30,False,Q3,2011,10-Q,195910000.0,,45553000.0,0.45,0.45,0.14,11014020000.0,,,31950000.0,1500906000.0,-183133000.0,157230000.0,-153785000.0,,,26651000.0
BKU,2014-06-30,False,Q2,2014,10-Q,212211000.0,,48543000.0,0.46,0.46,0.21,17008323000.0,,,36362000.0,2014572000.0,-51515000.0,-1577703000.0,1755619000.0,,68737000.0,12693000.0
BKU,2014-09-30,False,Q3,2014,10-Q,215673000.0,,53567000.0,0.51,0.51,0.21,17680739000.0,,,46593000.0,2040169000.0,-51579000.0,-2293483000.0,2440457000.0,,68575000.0,18525000.0
BKU,2013-12-31,False,FY,2013,10-K,769927000.0,,208936000.0,2.03,2.01,0.84,15046649000.0,,,45976000.0,1928698000.0,-67107000.0,-2606984000.0,2431487000.0,,67000000.0,22079000.0
BKU,2014-12-31,False,FY,2014,10-K,867909000.0,,204215000.0,1.95,1.95,0.84,19210529000.0,,,46268000.0,2052534000.0,-49746000.0,-3807807000.0,3792321000.0,,67000000.0,24012000.0
BKU,2015-03-31,False,Q1,2015,10-Q,222623000.0,,46457000.0,0.44,0.44,0.21,19983395000.0,,,42966000.0,2115617000.0,28130000.0,-665674000.0,754515000.0,,68256000.0,2241000.0
BKU,2015-12-31,False,FY,2015,10-K,983040000.0,,241918000.0,2.37,2.35,0.84,23883467000.0,,,31515000.0,2243898000.0,217886000.0,-4608692000.0,4470789000.0,392326000.0,78000000.0,23272000.0
BKU,2012-09-30,False,Q3,2012,10-Q,195989000.0,,48636000.0,0.48,0.48,0.17,12748426000.0,,,50642000.0,1752727000.0,-286384000.0,-299991000.0,629276000.0,,,23695000.0
BKU,2016-06-30,False,Q2,2016,10-Q,289321000.0,,54443000.0,0.53,0.52,0.21,26309192000.0,,,35866000.0,2331146000.0,143431000.0,-2254439000.0,2203182000.0,,78185000.0,4413000.0
BKU,2017-03-31,False,Q1,2017,10-Q,311682000.0,,59970000.0,0.57,0.57,0.21,27988731000.0,,,31824000.0,2533014000.0,35408000.0,-275192000.0,30888000.0,,77980000.0,27337000.0
BKU,2016-09-30,False,Q3,2016,10-Q,295056000.0,,48817000.0,0.47,0.47,0.21,27265014000.0,,,32531000.0,2373090000.0,226441000.0,-3323160000.0,3091173000.0,,78116000.0,52399000.0
BKU,2017-09-30,False,Q3,2017,10-Q,362769000.0,,65254000.0,0.62,0.62,0.21,29554831000.0,,,34883000.0,2623489000.0,231160000.0,-1784731000.0,1397859000.0,,77857000.0,73948000.0
BKU,2018-03-31,False,Q1,2018,10-Q,355762000.0,,82019000.0,0.78,0.77,0.21,30432536000.0,,,22908000.0,3032672000.0,138094000.0,-76469000.0,-56457000.0,,77751000.0,14035000.0
BKU,2016-03-31,False,Q1,2016,10-Q,274005000.0,,52662000.0,0.51,0.51,0.21,24819488000.0,,,33256000.0,2264252000.0,57823000.0,-909102000.0,829590000.0,,78255000.0,2630000.0
BKU,2017-06-30,False,Q2,2017,10-Q,328728000.0,,63924000.0,0.6,0.6,0.21,28993736000.0,,,37639000.0,2580820000.0,128937000.0,-1374771000.0,1025881000.0,,77919000.0,49911000.0
BKU,2016-12-31,False,FY,2016,10-K,1165634000.0,,216981000.0,2.11,2.09,0.84,27880151000.0,,,40260000.0,2418429000.0,307170000.0,-3826231000.0,3699874000.0,393092000.0,78000000.0,87976000.0
BKU,2018-09-30,False,Q3,2018,10-Q,396452000.0,,93557000.0,0.9,0.9,0.21,31513636000.0,,,11644000.0,3074888000.0,403922000.0,-937117000.0,618412000.0,,77729000.0,137305000.0
BKU,2018-06-30,False,Q2,2018,10-Q,380828000.0,,86437000.0,0.82,0.82,0.21,31349571000.0,,,10937000.0,3099433000.0,229894000.0,-573900000.0,528680000.0,,77740000.0,56132000.0
BKU,2017-12-31,False,FY,2017,10-K,1362365000.0,,591023000.0,5.6,5.58,0.84,30346986000.0,,,35246000.0,3026062000.0,318626000.0,-2452576000.0,1880219000.0,393725000.0,78000000.0,94603000.0
