symbol,end_date,amend,period_focus,fiscal_year,doc_type,revenues,op_income,net_income,eps_basic,eps_diluted,dividend,assets,cur_assets,cur_liab,cash,equity,cash_flow_op,cash_flow_inv,cash_flow_fin,debt,goodwill,cap_ex
BKYI,2013-09-30,False,Q3,2013,10-Q,431576.0,-765702.0,-782554.0,-0.01,-0.01,0.0,705458.0,384501.0,1156264.0,225328.0,-948113.0,-1764452.0,-23446.0,1929237.0,497307.0,,23446.0
BKYI,2018-09-30,False,Q3,2018,10-Q,739750.0,-1641359.0,-3070281.0,-0.23,-0.23,0.0,13001906.0,5909729.0,1211124.0,1048755.0,11790782.0,-917835.0,-82143.0,1760012.0,,,82143.0
BKYI,2012-03-31,False,Q1,2012,10-Q,1410427.0,369626.0,363498.0,0.0,0.0,0.0,1030239.0,772264.0,1917091.0,211003.0,-886852.0,167566.0,,,,,
BKYI,2014-06-30,False,Q2,2014,10-Q,402789.0,-1124497.0,-1026286.0,-0.01,-0.01,0.0,1307551.0,1020145.0,1235431.0,517759.0,-235099.0,-1350089.0,-5501.0,-150000.0,,,5501.0
BKYI,2014-03-31,False,Q1,2014,10-Q,1367522.0,-93356.0,-299214.0,0.01,0.01,0.0,2343686.0,2044822.0,1208167.0,592921.0,730091.0,-1276629.0,-3799.0,-150000.0,,,3799.0
BKYI,2013-03-31,False,Q1,2013,10-Q,804643.0,-308055.0,-315579.0,0.0,0.0,0.0,1334749.0,1058892.0,1502039.0,451748.0,-664597.0,-607434.0,,975193.0,497307.0,,
BKYI,2011-12-31,False,FY,2011,10-K,3508804.0,-1454612.0,-1897606.0,-0.02,-0.02,0.0,966703.0,697941.0,2236794.0,43437.0,-1271091.0,-523111.0,3293796.0,-3737344.0,,,56204.0
BKYI,2012-09-30,False,Q3,2012,10-Q,409919.0,-226415.0,-232609.0,0.0,0.0,0.0,653649.0,416365.0,2362216.0,107565.0,-1708567.0,64128.0,,,346428.0,,
BKYI,2013-06-30,False,Q2,2013,10-Q,422257.0,-540183.0,-554831.0,,-0.01,0.0,559918.0,283942.0,1254469.0,99573.0,-1191858.0,-945760.0,-13849.0,975193.0,497307.0,,13849.0
BKYI,2013-12-31,False,FY,2013,10-K,1985976.0,-2521681.0,-2582151.0,-0.03,-0.03,0.0,2701405.0,2392681.0,1407393.0,2023349.0,1050935.0,-2683911.0,-129413.0,4752684.0,0.0,,129413.0
BKYI,2012-12-31,False,FY,2012,10-K,3835893.0,27886.0,3267.0,0.0,0.0,0.0,1136841.0,907951.0,2354823.0,83989.0,-1217982.0,65552.0,,-25000.0,321428.0,,
BKYI,2012-06-30,False,Q2,2012,10-Q,532713.0,-607292.0,-613419.0,-0.01,-0.01,0.0,620338.0,373098.0,2103241.0,54031.0,-1482903.0,10594.0,,,,,
BKYI,2014-09-30,False,Q3,2014,10-Q,1283847.0,-274620.0,-51526.0,0.0,0.0,0.0,1191039.0,913072.0,1370918.0,167179.0,-263206.0,-1696817.0,-9353.0,-150000.0,,,9353.0
BKYI,2015-06-30,False,Q2,2015,10-Q,2272804.0,753550.0,753146.0,0.01,0.01,0.0,2692904.0,2445334.0,1936132.0,282376.0,756772.0,-505599.0,-2078.0,-53579.0,,,2078.0
BKYI,2015-03-31,False,Q1,2015,10-Q,648826.0,-937852.0,-924103.0,-0.01,-0.01,0.0,1466364.0,1206806.0,1490095.0,303499.0,-23731.0,-519225.0,,-20908.0,,,
BKYI,2014-12-31,False,FY,2014,10-K,4005856.0,-2039120.0,-1883572.0,-0.03,-0.03,0.0,2067449.0,1793884.0,1308388.0,843632.0,759061.0,-2502927.0,-18633.0,1341843.0,,,18633.0
BKYI,2011-06-30,False,Q2,2011,10-Q,984153.0,-234039.0,-594224.0,-0.01,-0.01,0.0,2155570.0,1867875.0,1554992.0,38029.0,251510.0,-531919.0,-52804.0,-387344.0,,,52804.0
BKYI,2011-09-30,False,Q3,2011,10-Q,574088.0,-533970.0,-540165.0,-0.01,-0.01,0.0,1617971.0,1337895.0,1544620.0,193518.0,-275717.0,-373030.0,3293796.0,-3737344.0,,,56204.0
BKYI,2015-09-30,False,Q3,2015,10-Q,669846.0,-1087560.0,-1079584.0,-0.02,-0.02,0.0,2659346.0,2425956.0,2938013.0,72232.0,-278667.0,-973836.0,-2078.0,204514.0,,,2078.0
BKYI,2016-03-31,False,Q1,2016,10-Q,430592.0,-1162270.0,-1363839.0,-0.02,-0.02,0.0,18629672.0,11404977.0,1700935.0,3474648.0,16928737.0,-661588.0,-19287.0,-165555.0,,,19287.0
BKYI,2016-06-30,False,Q2,2016,10-Q,415814.0,-1326028.0,-1576114.0,-0.02,-0.02,0.0,17121356.0,9880626.0,1719713.0,2006665.0,15401643.0,-1895535.0,-51783.0,-367095.0,,,51783.0
BKYI,2017-09-30,False,Q3,2017,10-Q,942417.0,-1605790.0,-1806409.0,-0.28,-0.28,0.0,15020343.0,4988450.0,1707304.0,971857.0,13313039.0,-1804411.0,-204673.0,1919634.0,,,204673.0
BKYI,2017-06-30,False,Q2,2017,10-Q,886881.0,-1789337.0,-1989954.0,-0.32,-0.32,0.0,15387972.0,4735988.0,1974941.0,988342.0,13413031.0,-851935.0,-140664.0,919634.0,,,140664.0
BKYI,2015-12-31,False,FY,2015,10-K,5261225.0,-1695351.0,-1991157.0,-0.03,-0.03,0.0,20416079.0,13195752.0,2266162.0,4321078.0,18149917.0,-15560088.0,-3364.0,19040898.0,,,3364.0
BKYI,2016-09-30,False,Q3,2016,10-Q,431463.0,-1194813.0,-1335047.0,-0.02,-0.02,0.0,15545338.0,3250454.0,1329859.0,177388.0,14215479.0,-3522994.0,-52976.0,-567720.0,,,52976.0
BKYI,2017-12-31,False,FY,2017,10-K,6302984.0,-4275365.0,-5044496.0,-0.76,-0.76,0.0,16078822.0,7014033.0,2325527.0,288721.0,13753295.0,-2465462.0,-226758.0,1919634.0,,,166060.0
BKYI,2016-12-31,False,FY,2016,10-K,2975756.0,-4201819.0,-4992204.0,-0.89,-0.89,0.0,17289365.0,4910296.0,1836477.0,1061307.0,15452888.0,-4446830.0,-52975.0,1240034.0,,,52975.0
BKYI,2018-03-31,False,Q1,2018,10-Q,841455.0,-2191998.0,-2348154.0,-0.3,-0.3,0.0,14133765.0,5454887.0,1521590.0,1299631.0,12612175.0,1043767.0,-32857.0,,,,32857.0
BKYI,2018-06-30,False,Q2,2018,10-Q,748141.0,-1655479.0,-1697335.0,-0.15,-0.15,0.0,12603719.0,4730493.0,1143192.0,304006.0,11460527.0,98976.0,-68479.0,-15212.0,,,68479.0
BKYI,2016-12-31,True,FY,2016,10-K,2975756.0,-4201819.0,-4992204.0,-0.89,-0.89,0.0,17289365.0,4910296.0,1836477.0,1061307.0,15452888.0,-4446830.0,-52975.0,1240034.0,,,52975.0
BKYI,2017-03-31,False,Q1,2017,10-Q,1418335.0,-1356193.0,-1556812.0,-0.26,-0.26,0.0,15624039.0,4407086.0,1625320.0,1158421.0,13998719.0,116953.0,-13893.0,-5946.0,,,13893.0
