symbol,end_date,amend,period_focus,fiscal_year,doc_type,revenues,op_income,net_income,eps_basic,eps_diluted,dividend,assets,cur_assets,cur_liab,cash,equity,cash_flow_op,cash_flow_inv,cash_flow_fin,debt,goodwill,cap_ex
BLL,2011-10-02,False,Q3,2011,10-Q,2258300000.0,228600000.0,132100000.0,0.81,0.79,0.07,7538400000.0,2573900000.0,1785600000.0,190100000.0,1568000000.0,441000000.0,-626300000.0,216300000.0,3041100000.0,2283100000.0,323800000.0
BLL,2011-04-03,False,Q1,2011,10-Q,2011200000.0,194000000.0,91300000.0,0.54,0.53,0.0,7783000000.0,2714400000.0,1683400000.0,193100000.0,1682300000.0,-74400000.0,-384200000.0,498000000.0,,2320200000.0,95000000.0
BLL,2011-07-03,False,Q2,2011,10-Q,2309700000.0,254100000.0,143100000.0,0.86,0.84,0.07,7850400000.0,2724600000.0,1751800000.0,144800000.0,1734800000.0,161200000.0,-509300000.0,339700000.0,3185200000.0,2372000000.0,213500000.0
BLL,2010-06-27,False,Q2,2010,10-Q,2007500000.0,222100000.0,69000000.0,0.75,0.74,0.0,6618300000.0,2549900000.0,1880800000.0,75000000.0,1446400000.0,30700000.0,-175900000.0,12000000.0,,1887600000.0,69100000.0
BLL,2010-09-26,False,Q3,2010,10-Q,2035000000.0,233100000.0,227500000.0,2.54,2.5,0.0,6979100000.0,2358100000.0,1935300000.0,168700000.0,1740400000.0,371400000.0,5800000.0,-416600000.0,,2111500000.0,131100000.0
BLL,2012-04-01,False,Q1,2012,10-Q,2042700000.0,182000000.0,88300000.0,0.56,0.55,0.1,7559400000.0,2516800000.0,1812500000.0,106800000.0,1348700000.0,-218300000.0,-86700000.0,251500000.0,3275600000.0,2281000000.0,76000000.0
BLL,2018-12-31,False,FY,2018,10-K,11635000000.0,935000000.0,454000000.0,1.32,1.29,0.4,16554000000.0,3940000000.0,4095000000.0,721000000.0,3562000000.0,1566000000.0,-206000000.0,-1040000000.0,6518000000.0,4475000000.0,816000000.0
BLL,2012-07-01,False,Q2,2012,10-Q,2296300000.0,237600000.0,139500000.0,0.9,0.88,0.1,7439500000.0,2511700000.0,1888500000.0,123500000.0,1341400000.0,74700000.0,-154700000.0,34500000.0,3073900000.0,2222300000.0,138500000.0
BLL,2011-12-31,False,FY,2011,10-K,8630900000.0,836900000.0,444000000.0,2.69,2.63,0.28,7284600000.0,2321900000.0,1856100000.0,165800000.0,1378000000.0,948400000.0,-738000000.0,-216800000.0,2764500000.0,2247100000.0,443800000.0
BLL,2013-03-31,False,Q1,2013,10-Q,1991000000.0,143000000.0,72000000.0,0.48,0.47,0.13,7776000000.0,2622700000.0,1742900000.0,208000000.0,1257500000.0,-324600000.0,-109300000.0,469000000.0,3489100000.0,2319500000.0,88700000.0
BLL,2013-06-30,False,Q2,2013,10-Q,2202400000.0,203500000.0,95100000.0,0.65,0.63,0.13,7815600000.0,2619500000.0,1767400000.0,169500000.0,1207400000.0,-57500000.0,-218200000.0,276500000.0,3517800000.0,2334900000.0,201100000.0
BLL,2012-09-30,False,Q3,2012,10-Q,2282500000.0,218600000.0,115100000.0,0.75,0.73,0.1,7524000000.0,2570300000.0,1830100000.0,181200000.0,1470100000.0,388300000.0,-204200000.0,-169800000.0,3055700000.0,2249100000.0,206900000.0
BLL,2010-12-31,False,FY,2010,10-K,7630000000.0,764600000.0,468000000.0,2.59,2.55,0.2,6927700000.0,2305700000.0,1383300000.0,152000000.0,1658100000.0,515200000.0,-110200000.0,-459600000.0,,2105300000.0,250200000.0
BLL,2012-12-31,False,FY,2012,10-K,8735700000.0,790500000.0,403500000.0,2.61,2.55,0.4,7507100000.0,2339400000.0,1685800000.0,174100000.0,1290000000.0,853200000.0,-356000000.0,-486900000.0,3189400000.0,2359400000.0,305000000.0
BLL,2014-03-31,False,Q1,2014,10-Q,2006800000.0,217400000.0,93500000.0,0.67,0.65,0.13,7744500000.0,2404300000.0,1821300000.0,175400000.0,1282100000.0,-136200000.0,-55100000.0,-45100000.0,3413400000.0,2398800000.0,61400000.0
BLL,2013-09-30,False,Q3,2013,10-Q,2277900000.0,211600000.0,115200000.0,0.8,0.78,0.13,7709200000.0,2425400000.0,1570200000.0,168200000.0,1316800000.0,451900000.0,-321600000.0,-126600000.0,3464100000.0,2379800000.0,309600000.0
BLL,2014-09-30,False,Q3,2014,10-Q,2238900000.0,228000000.0,147400000.0,1.07,1.04,0.13,7614900000.0,2378800000.0,2021900000.0,189500000.0,1414700000.0,650000000.0,-238900000.0,-633300000.0,3063400000.0,2300600000.0,250000000.0
BLL,2015-03-31,False,Q1,2015,10-Q,1923100000.0,125900000.0,20700000.0,0.15,0.15,0.13,7660500000.0,2467900000.0,2039300000.0,228800000.0,1153400000.0,-180500000.0,-120500000.0,327400000.0,3214600000.0,2177800000.0,105500000.0
BLL,2014-06-30,False,Q2,2014,10-Q,2291900000.0,255900000.0,153100000.0,1.1,1.07,0.13,7771400000.0,2419800000.0,1973600000.0,155300000.0,1406600000.0,210000000.0,-124100000.0,-344000000.0,3187300000.0,2385100000.0,135300000.0
BLL,2014-12-31,False,FY,2014,10-K,8570000000.0,838600000.0,470000000.0,3.39,3.3,0.52,7571000000.0,2313500000.0,2006800000.0,191400000.0,1239600000.0,1012500000.0,-391400000.0,-845300000.0,3048800000.0,2254500000.0,390800000.0
BLL,2015-09-30,False,Q3,2015,10-Q,2097000000.0,76100000.0,44500000.0,0.32,0.32,0.13,7727000000.0,2382600000.0,2279600000.0,244400000.0,1243400000.0,597000000.0,-367600000.0,-185800000.0,2933800000.0,2204100000.0,356800000.0
BLL,2016-03-31,False,Q1,2016,10-Q,1756000000.0,-110000000.0,-127000000.0,-0.9,-0.9,0.13,10059000000.0,2323000000.0,2232000000.0,205000000.0,1078000000.0,-386000000.0,-185000000.0,572000000.0,5461000000.0,2251000000.0,138000000.0
BLL,2015-12-31,False,FY,2015,10-K,7997000000.0,605200000.0,280900000.0,2.05,1.99,0.52,9777000000.0,2184000000.0,2141600000.0,224000000.0,1261300000.0,1006700000.0,-2720700000.0,1737100000.0,5107800000.0,2176500000.0,527900000.0
BLL,2016-06-30,False,Q2,2016,10-Q,2030000000.0,278000000.0,338000000.0,2.38,2.33,0.13,25077000000.0,10086000000.0,10353000000.0,6399000000.0,3834000000.0,36000000.0,2869000000.0,3320000000.0,11035000000.0,5183000000.0,273000000.0
BLL,2016-09-30,False,Q3,2016,10-Q,2815000000.0,116000000.0,157000000.0,0.0,,0.13,17060000000.0,4104000000.0,2943000000.0,645000000.0,3820000000.0,-433000000.0,880000000.0,43000000.0,7803000000.0,5211000000.0,398000000.0
BLL,2015-06-30,False,Q2,2015,10-Q,2172300000.0,273800000.0,160400000.0,1.16,1.13,0.13,7852900000.0,2505100000.0,2192300000.0,227300000.0,1342800000.0,211700000.0,-235200000.0,50900000.0,3037700000.0,2209200000.0,227700000.0
BLL,2013-12-31,False,FY,2013,10-K,8468100000.0,795400000.0,406800000.0,2.79,2.73,0.52,7819800000.0,2465700000.0,1927400000.0,416000000.0,1391300000.0,839000000.0,-379100000.0,-204000000.0,3547800000.0,2404300000.0,378300000.0
BLL,2017-06-30,False,Q2,2017,10-Q,2855000000.0,187000000.0,99000000.0,0.28,0.28,0.1,16721000000.0,3765000000.0,3350000000.0,433000000.0,3710000000.0,263000000.0,-207000000.0,-228000000.0,7304000000.0,4858000000.0,240000000.0
BLL,2017-09-30,False,Q3,2017,10-Q,2908000000.0,124000000.0,48000000.0,0.14,0.13,0.1,17003000000.0,3930000000.0,3778000000.0,556000000.0,3638000000.0,747000000.0,-370000000.0,-429000000.0,7182000000.0,4908000000.0,404000000.0
BLL,2017-12-31,False,FY,2017,10-K,10983000000.0,802000000.0,374000000.0,1.07,1.05,0.365,17169000000.0,3758000000.0,4107000000.0,448000000.0,4046000000.0,1478000000.0,-545000000.0,-1073000000.0,6631000000.0,4933000000.0,556000000.0
BLL,2018-03-31,False,Q1,2018,10-Q,2785000000.0,226000000.0,125000000.0,0.36,0.35,0.1,17731000000.0,4160000000.0,3905000000.0,477000000.0,4138000000.0,-74000000.0,-284000000.0,384000000.0,7140000000.0,4970000000.0,242000000.0
BLL,2017-03-31,False,Q1,2017,10-Q,2473000000.0,152000000.0,68000000.0,0.39,0.38,0.13,16644000000.0,3907000000.0,3018000000.0,458000000.0,3723000000.0,-398000000.0,-91000000.0,380000000.0,7555000000.0,5152000000.0,125000000.0
BLL,2016-12-31,False,FY,2016,10-K,9061000000.0,463000000.0,263000000.0,1.66,1.63,0.52,16173000000.0,3653000000.0,2969000000.0,597000000.0,3541000000.0,194000000.0,672000000.0,-387000000.0,7389000000.0,5095000000.0,606000000.0
BLL,2018-09-30,False,Q3,2018,10-Q,2946000000.0,268000000.0,59000000.0,0.17,0.17,0.1,16470000000.0,3860000000.0,3813000000.0,598000000.0,3745000000.0,1027000000.0,-15000000.0,-801000000.0,6531000000.0,4497000000.0,616000000.0
BLL,2018-06-30,False,Q2,2018,10-Q,3101000000.0,243000000.0,119000000.0,0.34,0.34,0.1,17535000000.0,4875000000.0,3954000000.0,549000000.0,3995000000.0,434000000.0,-450000000.0,164000000.0,7180000000.0,4516000000.0,444000000.0
