symbol,end_date,amend,period_focus,fiscal_year,doc_type,revenues,op_income,net_income,eps_basic,eps_diluted,dividend,assets,cur_assets,cur_liab,cash,equity,cash_flow_op,cash_flow_inv,cash_flow_fin,debt,goodwill,cap_ex
BLMT,2013-03-31,False,Q1,2013,10-Q,8011000.0,,399000.0,0.05,0.05,0.0,839698000.0,,,19247000.0,132029000.0,3136000.0,-36925000.0,324000.0,,,71000.0
BLMT,2013-12-31,False,FY,2013,10-K,34578000.0,,1881000.0,0.22,0.22,0.0,1054619000.0,,,38035000.0,130421000.0,17245000.0,-240238000.0,208316000.0,4373000.0,,1182000.0
BLMT,2018-09-30,False,Q3,2018,10-Q,26780000.0,,6227000.0,0.7,0.66,0.0,2971807000.0,,,1676000.0,197950000.0,52808000.0,-295145000.0,265070000.0,,,502000.0
BLMT,2012-03-31,False,Q1,2012,10-Q,7474000.0,,447000.0,0.05,0.05,0.0,718682000.0,,,60145000.0,131995000.0,14136000.0,-26062000.0,49276000.0,,,177000.0
BLMT,2012-09-30,False,Q3,2012,10-Q,7631000.0,,183000.0,0.02,0.02,0.0,822313000.0,,,33073000.0,132698000.0,44286000.0,-184514000.0,150506000.0,,,1229000.0
BLMT,2012-12-31,False,FY,2012,10-K,31529000.0,,1396000.0,0.16,0.16,0.0,838082000.0,,,52712000.0,133308000.0,39381000.0,-174664000.0,165200000.0,4470000.0,,1419000.0
BLMT,2014-03-31,False,Q1,2014,10-Q,9473000.0,,657000.0,0.08,0.08,0.0,1168989000.0,,,1632000.0,131769000.0,7516000.0,-101083000.0,112390000.0,,,159000.0
BLMT,2013-09-30,False,Q3,2013,10-Q,8885000.0,,515000.0,0.06,0.06,0.0,1023031000.0,,,48816000.0,129149000.0,14357000.0,-197670000.0,179417000.0,,,920000.0
BLMT,2013-06-30,False,Q2,2013,10-Q,8044000.0,,347000.0,0.04,0.04,0.0,909086000.0,,,55132000.0,128103000.0,7607000.0,-70863000.0,65676000.0,,,545000.0
BLMT,2014-09-30,False,Q3,2014,10-Q,10828000.0,,1162000.0,0.14,0.14,0.0,1335717000.0,,,1676000.0,135132000.0,12042000.0,-281313000.0,276721000.0,,,410000.0
BLMT,2014-06-30,False,Q2,2014,10-Q,10125000.0,,1006000.0,0.12,0.12,0.0,1221825000.0,,,1966000.0,133392000.0,8087000.0,-162407000.0,165165000.0,,,306000.0
BLMT,2011-06-30,False,Q2,2011,10-Q,5779000.0,,-188000.0,,,0.0,549751000.0,,,17258000.0,46994000.0,2809000.0,-49543000.0,43004000.0,,,272000.0
BLMT,2011-09-30,False,Q3,2011,10-Q,6062000.0,,295000.0,,,0.0,688636000.0,,,123209000.0,47289000.0,1042000.0,-86330000.0,187509000.0,,,369000.0
BLMT,2015-06-30,False,Q2,2015,10-Q,12451000.0,,1563000.0,0.19,0.18,0.0,1552052000.0,,,1739000.0,141153000.0,13932000.0,-140480000.0,122285000.0,,,205000.0
BLMT,2015-03-31,False,Q1,2015,10-Q,11809000.0,,1340000.0,0.16,0.16,0.0,1468643000.0,,,2001000.0,138945000.0,789000.0,-53848000.0,42384000.0,,,51000.0
BLMT,2012-06-30,False,Q2,2012,10-Q,7707000.0,,286000.0,0.03,0.03,0.0,755371000.0,,,54677000.0,132327000.0,47820000.0,-98847000.0,82909000.0,,,664000.0
BLMT,2014-12-31,False,FY,2014,10-K,41946000.0,,4152000.0,0.5,0.49,0.0,1425550000.0,,,2275000.0,137010000.0,-215000.0,-369922000.0,2000.0,4275000.0,,503000.0
BLMT,2011-12-31,False,FY,2011,10-K,26718000.0,,299000.0,,,0.0,669005000.0,,,22795000.0,131506000.0,-10163000.0,-155141000.0,167132000.0,,,508000.0
BLMT,2015-09-30,False,Q3,2015,10-Q,13054000.0,,1821000.0,0.22,0.21,0.0,1692405000.0,,,2196000.0,143571000.0,16309000.0,-285805000.0,260329000.0,,,218000.0
BLMT,2016-03-31,False,Q1,2016,10-Q,15099000.0,,2497000.0,0.29,0.28,0.0,1916223000.0,,,1842000.0,149344000.0,3054000.0,-101199000.0,103032000.0,,,128000.0
BLMT,2016-06-30,False,Q2,2016,10-Q,15869000.0,,2903000.0,0.34,0.33,0.0,1979097000.0,,,1603000.0,153038000.0,5670000.0,-165848000.0,162760000.0,,,212000.0
BLMT,2017-03-31,False,Q1,2017,10-Q,18136000.0,,3636000.0,0.42,0.4,0.0,2286868000.0,,,2265000.0,164953000.0,7625000.0,-126592000.0,120542000.0,,,156000.0
BLMT,2016-09-30,False,Q3,2016,10-Q,16406000.0,,3127000.0,0.36,0.35,0.0,2073749000.0,,,1764000.0,156815000.0,8278000.0,-262637000.0,252868000.0,,,257000.0
BLMT,2017-06-30,False,Q2,2017,10-Q,19759000.0,,3979000.0,0.45,0.43,0.0,2370881000.0,,,2041000.0,169825000.0,33697000.0,-241931000.0,201399000.0,,,299000.0
BLMT,2016-12-31,False,FY,2016,10-K,64371000.0,,11791000.0,1.38,1.33,0.0,2158704000.0,,,2211000.0,160921000.0,-157000.0,-339636000.0,180000.0,4071000.0,,335000.0
BLMT,2015-12-31,False,FY,2015,10-K,51571000.0,,6747000.0,0.8,0.78,0.0,1812916000.0,,,1871000.0,146203000.0,765000.0,-395784000.0,177000.0,4173000.0,,323000.0
BLMT,2018-03-31,False,Q1,2018,10-Q,23314000.0,,6009000.0,0.68,0.64,0.0,2747602000.0,,,1941000.0,184565000.0,28413000.0,-93199000.0,60976000.0,,,215000.0
BLMT,2017-09-30,False,Q3,2017,10-Q,20643000.0,,4561000.0,0.52,0.5,0.0,2499698000.0,,,1788000.0,175561000.0,62575000.0,-369842000.0,324837000.0,,,428000.0
BLMT,2017-12-31,False,FY,2017,10-K,80770000.0,,14278000.0,1.63,1.55,0.0,2676565000.0,,,1771000.0,178029000.0,-110000.0,-532247000.0,50000.0,3969000.0,,512000.0
BLMT,2018-06-30,False,Q2,2018,10-Q,25593000.0,,6067000.0,0.68,0.65,0.0,2909110000.0,,,2087000.0,191208000.0,29279000.0,-252420000.0,215955000.0,,,381000.0
