symbol,end_date,amend,period_focus,fiscal_year,doc_type,revenues,op_income,net_income,eps_basic,eps_diluted,dividend,assets,cur_assets,cur_liab,cash,equity,cash_flow_op,cash_flow_inv,cash_flow_fin,debt,goodwill,cap_ex
BMRA,2013-08-31,False,Q1,2014,10-Q,1013739.0,-173768.0,-167714.0,-0.02,-0.02,0.0,6205334.0,5105306.0,536504.0,2085463.0,5668830.0,-376271.0,-8731.0,760.0,,,8731.0
BMRA,2013-02-28,False,Q3,2013,10-Q,1416698.0,-63333.0,-35614.0,-0.01,-0.01,0.0,6110531.0,4938473.0,584100.0,2318677.0,5526431.0,1496040.0,-249410.0,-2586.0,,,249410.0
BMRA,2018-11-30,False,Q2,2019,10-Q,1500791.0,-485937.0,-477244.0,-0.05,-0.05,0.0,5428762.0,4687511.0,1016750.0,1124914.0,4412012.0,-1001068.0,-85017.0,1011902.0,,,53080.0
BMRA,2013-11-30,False,Q2,2014,10-Q,934841.0,-247502.0,-243357.0,-0.03,-0.03,0.0,5827160.0,4699125.0,400592.0,1647559.0,5426568.0,-740148.0,-83855.0,1780.0,,,83855.0
BMRA,2014-02-28,False,Q3,2014,10-Q,1492719.0,32617.0,26544.0,0.0,0.0,0.0,6271078.0,5060805.0,543452.0,1665690.0,5727626.0,-852902.0,-117365.0,167275.0,,,117365.0
BMRA,2014-05-31,False,FY,2014,10-K,5120451.0,-446594.0,-215660.0,-0.03,-0.03,0.0,6470313.0,4913174.0,555844.0,1509125.0,5914469.0,-862273.0,-282530.0,185275.0,0.0,,137234.0
BMRA,2012-05-31,False,FY,2012,10-K,6081131.0,504999.0,548435.0,0.08,0.08,0.0,5570922.0,4486630.0,592288.0,1077342.0,4978634.0,147412.0,-113170.0,55400.0,500.0,,164798.0
BMRA,2011-11-30,False,Q2,2012,10-Q,1616606.0,194086.0,195092.0,0.03,0.03,0.0,5074782.0,4013565.0,422126.0,965968.0,4652656.0,76290.0,-74321.0,-23648.0,,,49321.0
BMRA,2014-08-31,False,Q1,2015,10-Q,1034450.0,-224111.0,-219268.0,-0.03,-0.03,0.0,6047179.0,4537566.0,348725.0,1646978.0,5698454.0,143641.0,-1775.0,-3079.0,,,3675.0
BMRA,2013-05-31,False,FY,2013,10-K,6472960.0,514008.0,536957.0,0.08,0.07,0.0,6394887.0,5253355.0,559893.0,2469796.0,5834994.0,1394037.0,-257121.0,258514.0,,,257121.0
BMRA,2012-11-30,False,Q2,2013,10-Q,1883771.0,247502.0,236919.0,0.03,0.03,0.0,6058310.0,4842424.0,545681.0,1194369.0,5512629.0,396998.0,-242416.0,-37001.0,,,242416.0
BMRA,2014-11-30,False,Q2,2015,10-Q,1133600.0,-249865.0,-238028.0,-0.03,-0.03,0.0,5927785.0,4466546.0,466991.0,1674048.0,5460794.0,183996.0,-20890.0,3495.0,,,14136.0
BMRA,2015-02-28,False,Q3,2015,10-Q,1299400.0,-135537.0,-117193.0,-0.02,-0.02,0.0,5831787.0,4430974.0,483370.0,1171689.0,5348417.0,-318913.0,-20891.0,4355.0,,,8656.0
BMRA,2015-05-31,False,FY,2015,10-K,4962373.0,-670595.0,-331410.0,-0.04,-0.04,0.0,6124453.0,4465601.0,523933.0,1088307.0,5600520.0,-405481.0,-22782.0,9560.0,250000.0,,10503.0
BMRA,2012-02-29,False,Q3,2012,10-Q,1514673.0,134493.0,181445.0,0.03,0.03,0.0,5544259.0,4413924.0,662639.0,898458.0,4881620.0,103134.0,-185528.0,-6890.0,,,135528.0
BMRA,2012-08-31,False,Q1,2013,10-Q,1701949.0,312151.0,291640.0,0.04,0.04,0.0,5980453.0,4885142.0,710260.0,1299480.0,5270193.0,330405.0,-65186.0,-43000.0,,,65186.0
BMRA,2016-08-31,False,Q1,2017,10-Q,1410110.0,-65632.0,-55417.0,-0.01,-0.01,0.0,5610173.0,4768672.0,444914.0,1817019.0,5165259.0,-71932.0,,,,,
BMRA,2011-08-31,False,Q1,2012,10-Q,1407665.0,116901.0,117792.0,0.02,0.02,0.0,4971275.0,3878714.0,523560.0,1020655.0,4447715.0,108024.0,-64473.0,-11726.0,,,39473.0
BMRA,2016-05-31,False,FY,2016,10-K,5139816.0,-826952.0,-1499787.0,-0.2,-0.2,0.0,5726505.0,4835068.0,506027.0,1888925.0,5220478.0,-208782.0,-95192.0,1105914.0,,,91556.0
BMRA,2015-11-30,False,Q2,2016,10-Q,1165080.0,-209774.0,-66768.0,-0.01,-0.01,0.0,5941997.0,4158270.0,469087.0,642978.0,5472910.0,-425042.0,-29219.0,10298.0,,,28294.0
BMRA,2017-08-31,False,Q1,2018,10-Q,1444483.0,-226028.0,-207059.0,-0.02,-0.02,0.0,4913381.0,4171249.0,626719.0,1080988.0,4286662.0,-124714.0,-19974.0,1038.0,,,19974.0
BMRA,2015-08-31,False,Q1,2016,10-Q,1286993.0,-76233.0,-72335.0,-0.01,-0.01,0.0,6074829.0,4464128.0,539146.0,893265.0,5535683.0,-195643.0,-5680.0,6624.0,,,5680.0
BMRA,2016-02-29,False,Q3,2016,10-Q,1361608.0,-269108.0,-135002.0,-0.02,-0.02,0.0,5875942.0,3981273.0,486841.0,859145.0,5389101.0,-195056.0,-70923.0,38256.0,,,69998.0
BMRA,2016-11-30,False,Q2,2017,10-Q,1432206.0,-219536.0,-202887.0,-0.02,-0.02,0.0,5585427.0,4772040.0,566516.0,1611148.0,5018911.0,-307891.0,-25682.0,56556.0,,,25682.0
BMRA,2017-05-31,False,FY,2017,10-K,5791670.0,-954633.0,-908561.0,-0.11,-0.11,0.0,5017990.0,4210351.0,528866.0,1225462.0,4489124.0,-722858.0,-96085.0,157728.0,,,96085.0
BMRA,2018-05-31,False,FY,2018,10-K,5564185.0,-1481755.0,-1465828.0,-0.17,-0.17,0.0,5222582.0,4484029.0,896808.0,1204903.0,4325774.0,-1174217.0,-130347.0,1294307.0,,,130347.0
BMRA,2018-08-31,False,Q1,2019,10-Q,1272870.0,-454786.0,-451740.0,-0.05,-0.05,0.0,4875703.0,4117128.0,797532.0,583693.0,4078171.0,-756658.0,-60605.0,197379.0,,,38081.0
BMRA,2017-11-30,False,Q2,2018,10-Q,1613636.0,-288738.0,-268661.0,-0.03,-0.03,0.0,4831042.0,4099121.0,804393.0,817810.0,4026649.0,-363350.0,-52923.0,13789.0,,,52923.0
BMRA,2018-02-28,False,Q3,2018,10-Q,1375666.0,-322846.0,-322491.0,-0.04,-0.04,0.0,4759178.0,4048925.0,759299.0,597030.0,3999879.0,-852168.0,-74303.0,304347.0,,,74303.0
BMRA,2017-02-28,False,Q3,2017,10-Q,1499930.0,-317722.0,-304141.0,-0.04,-0.04,0.0,5476676.0,4643808.0,656744.0,1541708.0,4819932.0,-389380.0,-95833.0,138997.0,,,95833.0
