symbol,end_date,amend,period_focus,fiscal_year,doc_type,revenues,op_income,net_income,eps_basic,eps_diluted,dividend,assets,cur_assets,cur_liab,cash,equity,cash_flow_op,cash_flow_inv,cash_flow_fin,debt,goodwill,cap_ex
BMRC,2011-06-30,False,Q2,2011,10-Q,19718000.0,,3439000.0,0.65,0.64,0.16,1337393000.0,,,110159000.0,129058000.0,11062000.0,-585000.0,14450000.0,,,1466000.0
BMRC,2012-03-31,False,Q1,2012,10-Q,18628000.0,,4940000.0,0.93,0.91,0.17,1421284000.0,,,141839000.0,140021000.0,6129000.0,-16003000.0,21970000.0,,,26000.0
BMRC,2018-09-30,False,Q3,2018,10-Q,26444000.0,,8680000.0,1.25,1.23,0.32,2545715000.0,,,142718000.0,308603000.0,31284000.0,-149088000.0,56977000.0,0.0,30140000.0,615000.0
BMRC,2011-09-30,False,Q3,2011,10-Q,18790000.0,,4233000.0,0.8,0.79,0.16,1362717000.0,,,132786000.0,133001000.0,17400000.0,-1275000.0,31429000.0,,,2139000.0
BMRC,2011-12-31,False,FY,2011,10-K,75383000.0,,15564000.0,2.94,2.89,0.65,1393263000.0,,,129743000.0,135551000.0,22381000.0,-34938000.0,57068000.0,,,2472000.0
BMRC,2013-03-31,False,Q1,2013,10-Q,17336000.0,,4866000.0,0.9,0.89,0.18,1427022000.0,,,31364000.0,156843000.0,4129000.0,12287000.0,-13401000.0,,,350000.0
BMRC,2012-06-30,False,Q2,2012,10-Q,18737000.0,,4951000.0,0.93,0.91,0.17,1407000000.0,,,98321000.0,144326000.0,7551000.0,-45278000.0,6305000.0,,,263000.0
BMRC,2013-06-30,False,Q2,2013,10-Q,16674000.0,,3055000.0,0.56,0.55,0.18,1428518000.0,,,32175000.0,158359000.0,7367000.0,8665000.0,-12206000.0,,,523000.0
BMRC,2013-09-30,False,Q3,2013,10-Q,16424000.0,,4004000.0,0.74,0.72,0.18,1483603000.0,,,99358000.0,161711000.0,14640000.0,18258000.0,38111000.0,,,635000.0
BMRC,2012-09-30,False,Q3,2012,10-Q,17399000.0,,3224000.0,0.6,0.59,0.18,1435114000.0,,,141438000.0,147336000.0,14027000.0,-30946000.0,28614000.0,,,523000.0
BMRC,2014-03-31,False,Q1,2014,10-Q,20720000.0,,4533000.0,0.77,0.76,0.19,1797852000.0,,,91567000.0,186165000.0,2140000.0,-3178000.0,-11168000.0,,6436000.0,342000.0
BMRC,2014-09-30,False,Q3,2014,10-Q,20409000.0,,5378000.0,0.91,0.89,0.2,1802657000.0,,,46424000.0,195674000.0,14087000.0,-53811000.0,-17625000.0,241000.0,6436000.0,1369000.0
BMRC,2014-06-30,False,Q2,2014,10-Q,20824000.0,,5168000.0,0.88,0.86,0.19,1823901000.0,,,81380000.0,190906000.0,6483000.0,-39107000.0,10231000.0,241000.0,6436000.0,1005000.0
BMRC,2014-12-31,False,FY,2014,10-K,81831000.0,,19771000.0,3.35,3.29,0.8,1787130000.0,,,41367000.0,200026000.0,18857000.0,-42652000.0,-38611000.0,15000000.0,6436000.0,2334000.0
BMRC,2013-12-31,False,FY,2013,10-K,68626000.0,,14270000.0,2.62,2.57,0.73,1805194000.0,,,103773000.0,180887000.0,21201000.0,-36948000.0,91171000.0,,,70000.0
BMRC,2012-12-31,False,FY,2012,10-K,72878000.0,,17817000.0,3.34,3.28,0.7,1434749000.0,,,28349000.0,151792000.0,20806000.0,-144865000.0,22665000.0,,,29000.0
BMRC,2015-06-30,False,Q2,2015,10-Q,19626000.0,,4286000.0,0.72,0.71,0.22,1870762000.0,,,117533000.0,207182000.0,9125000.0,-10126000.0,77167000.0,241000.0,6436000.0,889000.0
BMRC,2016-03-31,False,Q1,2016,10-Q,21358000.0,,5646000.0,0.93,0.93,0.25,1943602000.0,,,39770000.0,221646000.0,7598000.0,100822000.0,-94993000.0,2350000.0,6436000.0,57000.0
BMRC,2015-09-30,False,Q3,2015,10-Q,19743000.0,,4773000.0,0.8,0.79,0.22,1882794000.0,,,35315000.0,211954000.0,17090000.0,-104131000.0,80989000.0,241000.0,6436000.0,1194000.0
BMRC,2015-03-31,False,Q1,2015,10-Q,19369000.0,,4457000.0,0.75,0.74,0.22,1826149000.0,,,103164000.0,204506000.0,5886000.0,23384000.0,32527000.0,241000.0,6436000.0,414000.0
BMRC,2016-09-30,False,Q3,2016,10-Q,21948000.0,,6964000.0,1.14,1.14,0.25,2054821000.0,,,96930000.0,231780000.0,20315000.0,47347000.0,2925000.0,0.0,6436000.0,652000.0
BMRC,2016-06-30,False,Q2,2016,10-Q,20414000.0,,4837000.0,0.8,0.79,0.25,1950452000.0,,,55438000.0,226452000.0,10495000.0,110028000.0,-91428000.0,0.0,6436000.0,239000.0
BMRC,2016-12-31,False,FY,2016,10-K,84591000.0,,23134000.0,3.81,3.78,1.02,2023493000.0,,,48804000.0,230563000.0,25446000.0,24318000.0,-27303000.0,0.0,6436000.0,1040000.0
BMRC,2015-12-31,False,FY,2015,10-K,78631000.0,,18441000.0,3.09,3.04,0.9,2031134000.0,,,26343000.0,214473000.0,23682000.0,-263278000.0,224572000.0,15000000.0,6436000.0,1418000.0
BMRC,2017-06-30,False,Q2,2017,10-Q,20799000.0,,5186000.0,0.85,0.84,0.27,2100716000.0,,,137906000.0,240733000.0,12213000.0,11599000.0,65290000.0,0.0,6436000.0,814000.0
BMRC,2017-03-31,False,Q1,2017,10-Q,20147000.0,,4548000.0,0.75,0.74,0.27,2033708000.0,,,73162000.0,234986000.0,6968000.0,12417000.0,4973000.0,0.0,6436000.0,297000.0
BMRC,2018-06-30,False,Q2,2018,10-Q,25646000.0,,7891000.0,1.14,1.12,0.31,2465042000.0,,,83855000.0,304198000.0,18767000.0,-123751000.0,-14706000.0,0.0,30140000.0,446000.0
BMRC,2017-09-30,False,Q3,2017,10-Q,21277000.0,,5132000.0,0.84,0.83,0.29,2155901000.0,,,149124000.0,245049000.0,20444000.0,-34069000.0,113945000.0,0.0,6436000.0,1143000.0
BMRC,2018-03-31,False,Q1,2018,10-Q,24689000.0,,6389000.0,0.92,0.91,0.29,2510043000.0,,,159347000.0,298464000.0,9199000.0,-89759000.0,36362000.0,0.0,30140000.0,232000.0
BMRC,2017-12-31,False,FY,2017,10-K,84864000.0,,15976000.0,2.58,2.55,1.12,2468154000.0,,,203545000.0,297025000.0,26947000.0,7813000.0,119981000.0,0.0,30140000.0,1434000.0
