symbol,end_date,amend,period_focus,fiscal_year,doc_type,revenues,op_income,net_income,eps_basic,eps_diluted,dividend,assets,cur_assets,cur_liab,cash,equity,cash_flow_op,cash_flow_inv,cash_flow_fin,debt,goodwill,cap_ex
BMY,2018-12-31,False,FY,2018,10-K,22561000000.0,,4920000000.0,3.01,3.01,1.61,34986000000.0,17160000000.0,10654000000.0,6911000000.0,14127000000.0,5940000000.0,-874000000.0,-3535000000.0,6895000000.0,6538000000.0,951000000.0
BMY,2009-12-31,False,FY,2009,10-K,18808000000.0,,10612000000.0,5.35,5.34,1.25,31008000000.0,13958000000.0,6313000000.0,7683000000.0,14785000000.0,4065000000.0,-4380000000.0,-17000000.0,,5218000000.0,730000000.0
BMY,2011-03-31,False,Q1,2011,10-Q,5011000000.0,,984000000.0,0.58,0.57,0.33,30851000000.0,13296000000.0,6755000000.0,3405000000.0,15901000000.0,481000000.0,-1437000000.0,-692000000.0,,5233000000.0,75000000.0
BMY,2011-06-30,False,Q2,2011,10-Q,5434000000.0,,900000000.0,0.53,0.52,0.33,31833000000.0,14775000000.0,7410000000.0,3665000000.0,16145000000.0,1574000000.0,-1769000000.0,-1199000000.0,,5233000000.0,149000000.0
BMY,2012-09-30,False,Q3,2012,10-Q,3736000000.0,,-711000000.0,-0.43,-0.43,0.34,36044000000.0,9278000000.0,8195000000.0,1503000000.0,13900000000.0,6105000000.0,-7004000000.0,-3375000000.0,,7498000000.0,373000000.0
BMY,2011-09-30,False,Q3,2011,10-Q,5345000000.0,,967000000.0,0.57,0.56,0.33,32014000000.0,14869000000.0,7313000000.0,4471000000.0,16436000000.0,3272000000.0,-1932000000.0,-1903000000.0,,5564000000.0,233000000.0
BMY,2010-06-30,False,Q2,2010,10-Q,4768000000.0,,927000000.0,0.54,0.53,0.32,31051000000.0,12983000000.0,5908000000.0,5918000000.0,15574000000.0,1513000000.0,-2281000000.0,-981000000.0,,5218000000.0,210000000.0
BMY,2010-12-31,False,FY,2010,10-K,19484000000.0,,3102000000.0,1.8,1.79,1.29,31076000000.0,13273000000.0,6739000000.0,5033000000.0,15638000000.0,4491000000.0,-3812000000.0,-3343000000.0,,5233000000.0,424000000.0
BMY,2010-03-31,False,Q1,2010,10-Q,4807000000.0,,743000000.0,0.43,0.43,0.32,30753000000.0,12532000000.0,6017000000.0,5135000000.0,15233000000.0,464000000.0,-2519000000.0,-486000000.0,,5218000000.0,129000000.0
BMY,2011-12-31,False,FY,2011,10-K,21244000000.0,,3701000000.0,2.18,2.16,1.33,32970000000.0,15318000000.0,7780000000.0,5776000000.0,15867000000.0,4840000000.0,-1437000000.0,-2657000000.0,,5586000000.0,367000000.0
BMY,2012-06-30,False,Q2,2012,10-Q,4443000000.0,,645000000.0,0.38,0.38,0.34,31667000000.0,11013000000.0,6991000000.0,2801000000.0,15812000000.0,1521000000.0,-2801000000.0,-1686000000.0,,6799000000.0,236000000.0
BMY,2013-03-31,False,Q1,2013,10-Q,3831000000.0,,609000000.0,0.37,0.37,0.35,35958000000.0,10076000000.0,8414000000.0,1355000000.0,13699000000.0,-428000000.0,161000000.0,-44000000.0,,7646000000.0,115000000.0
BMY,2012-03-31,False,Q1,2012,10-Q,5251000000.0,1402000000.0,1100000000.0,0.65,0.64,0.34,32408000000.0,11765000000.0,7211000000.0,2307000000.0,16246000000.0,387000000.0,-3027000000.0,-836000000.0,,6799000000.0,123000000.0
BMY,2012-12-31,False,FY,2012,10-K,17621000000.0,,1959000000.0,1.17,1.16,1.37,35897000000.0,9521000000.0,8279000000.0,1656000000.0,13638000000.0,6941000000.0,-6727000000.0,-4333000000.0,7232000000.0,7635000000.0,548000000.0
BMY,2013-06-30,False,Q2,2013,10-Q,4048000000.0,,536000000.0,0.33,0.32,0.35,36252000000.0,10486000000.0,8354000000.0,1821000000.0,14373000000.0,1082000000.0,218000000.0,-1159000000.0,,7646000000.0,213000000.0
BMY,2010-09-30,False,Q3,2010,10-Q,4798000000.0,,949000000.0,0.55,0.55,0.32,31885000000.0,14376000000.0,6284000000.0,7581000000.0,15857000000.0,2896000000.0,-1333000000.0,-1679000000.0,22000000.0,5218000000.0,299000000.0
BMY,2009-09-30,False,Q3,2009,10-Q,5487000000.0,,966000000.0,0.49,0.48,0.31,30951000000.0,13387000000.0,7392000000.0,6367000000.0,14371000000.0,2721000000.0,-3353000000.0,-1011000000.0,,5475000000.0,534000000.0
BMY,2009-06-30,False,Q2,2009,10-Q,5384000000.0,,983000000.0,0.49,0.49,0.31,29809000000.0,14570000000.0,6744000000.0,7507000000.0,13936000000.0,1248000000.0,-1364000000.0,-355000000.0,,4827000000.0,365000000.0
BMY,2013-09-30,False,Q3,2013,10-Q,4065000000.0,,692000000.0,0.42,0.42,0.35,36804000000.0,10627000000.0,8279000000.0,1771000000.0,14714000000.0,2135000000.0,-257000000.0,-1779000000.0,,7646000000.0,337000000.0
BMY,2014-03-31,False,Q1,2014,10-Q,3811000000.0,,937000000.0,0.57,0.56,0.36,33424000000.0,14014000000.0,7521000000.0,5225000000.0,15531000000.0,617000000.0,2212000000.0,-1192000000.0,,7046000000.0,118000000.0
BMY,2014-09-30,False,Q3,2014,10-Q,3921000000.0,,721000000.0,0.43,0.43,0.36,33450000000.0,14177000000.0,8103000000.0,4851000000.0,15201000000.0,2576000000.0,865000000.0,-2206000000.0,,7046000000.0,335000000.0
BMY,2013-12-31,False,FY,2013,10-K,16385000000.0,,2563000000.0,1.56,1.54,1.41,38592000000.0,18916000000.0,12440000000.0,3586000000.0,15236000000.0,3545000000.0,-572000000.0,-1068000000.0,7981000000.0,7096000000.0,537000000.0
BMY,2014-06-30,False,Q2,2014,10-Q,3889000000.0,,333000000.0,0.2,0.2,0.36,33503000000.0,14062000000.0,7798000000.0,4282000000.0,15379000000.0,1673000000.0,701000000.0,-1678000000.0,,7046000000.0,228000000.0
BMY,2015-09-30,False,Q3,2015,10-Q,4069000000.0,,706000000.0,0.42,0.42,0.37,31779000000.0,12926000000.0,7158000000.0,3975000000.0,15273000000.0,1221000000.0,-588000000.0,-2265000000.0,,6952000000.0,535000000.0
BMY,2015-03-31,False,Q1,2015,10-Q,4041000000.0,,1186000000.0,0.71,0.71,0.37,33579000000.0,14925000000.0,7689000000.0,6294000000.0,15689000000.0,626000000.0,754000000.0,-682000000.0,,7027000000.0,136000000.0
BMY,2015-06-30,False,Q2,2015,10-Q,4163000000.0,,-130000000.0,-0.08,-0.08,0.37,31954000000.0,13056000000.0,7435000000.0,4199000000.0,15291000000.0,697000000.0,-526000000.0,-1565000000.0,,6976000000.0,301000000.0
BMY,2016-09-30,False,Q3,2016,10-Q,4922000000.0,,1202000000.0,0.72,0.72,0.38,33727000000.0,13204000000.0,8996000000.0,3432000000.0,15781000000.0,1422000000.0,1464000000.0,-1855000000.0,,6875000000.0,844000000.0
BMY,2017-06-30,False,Q2,2017,10-Q,5144000000.0,,916000000.0,0.56,0.56,0.39,33409000000.0,14324000000.0,9017000000.0,3470000000.0,14821000000.0,2445000000.0,-1227000000.0,-2019000000.0,,6861000000.0,539000000.0
BMY,2017-09-30,False,Q3,2017,10-Q,5254000000.0,,845000000.0,0.52,0.51,0.39,33977000000.0,15048000000.0,9438000000.0,4644000000.0,14914000000.0,4158000000.0,-1085000000.0,-2725000000.0,,6865000000.0,801000000.0
BMY,2014-12-31,False,FY,2014,10-K,15879000000.0,,2004000000.0,1.21,1.2,1.45,33749000000.0,14608000000.0,8461000000.0,5571000000.0,14983000000.0,3148000000.0,1216000000.0,-2437000000.0,,7027000000.0,526000000.0
BMY,2017-03-31,False,Q1,2017,10-Q,4929000000.0,,1574000000.0,0.95,0.94,0.39,32937000000.0,13615000000.0,8494000000.0,3910000000.0,14535000000.0,861000000.0,-203000000.0,-1013000000.0,,6875000000.0,291000000.0
BMY,2015-12-31,False,FY,2015,10-K,16560000000.0,,1565000000.0,0.94,0.93,1.49,31748000000.0,10415000000.0,8017000000.0,2385000000.0,14424000000.0,1832000000.0,-1572000000.0,-3351000000.0,,6881000000.0,820000000.0
BMY,2016-06-30,False,Q2,2016,10-Q,4871000000.0,,1166000000.0,0.7,0.69,0.38,32831000000.0,12298000000.0,7885000000.0,2934000000.0,15078000000.0,25000000.0,1832000000.0,-1316000000.0,,6875000000.0,503000000.0
BMY,2016-03-31,False,Q1,2016,10-Q,4391000000.0,,1195000000.0,0.72,0.71,0.38,31892000000.0,11215000000.0,7597000000.0,2644000000.0,14551000000.0,-386000000.0,1426000000.0,-792000000.0,,6875000000.0,242000000.0
BMY,2018-06-30,False,Q2,2018,10-Q,5704000000.0,,373000000.0,0.23,0.23,0.4,32641000000.0,13874000000.0,9878000000.0,4999000000.0,12418000000.0,2232000000.0,-391000000.0,-2237000000.0,,6683000000.0,437000000.0
BMY,2018-03-31,False,Q1,2018,10-Q,5193000000.0,,1486000000.0,0.91,0.91,0.4,33083000000.0,14649000000.0,9624000000.0,5342000000.0,12906000000.0,1175000000.0,-43000000.0,-1222000000.0,,6863000000.0,239000000.0
BMY,2016-12-31,False,FY,2016,10-K,19427000000.0,,4457000000.0,2.67,2.65,1.53,33707000000.0,13704000000.0,8841000000.0,4237000000.0,16347000000.0,2850000000.0,1480000000.0,-2445000000.0,,6875000000.0,1215000000.0
BMY,2018-09-30,False,Q3,2018,10-Q,5691000000.0,,1901000000.0,1.16,1.16,0.4,33734000000.0,14869000000.0,9694000000.0,5408000000.0,13750000000.0,3511000000.0,-538000000.0,-2957000000.0,,6686000000.0,661000000.0
BMY,2017-12-31,False,FY,2017,10-K,20776000000.0,,1007000000.0,0.61,0.61,1.57,33551000000.0,14854000000.0,9563000000.0,5421000000.0,11847000000.0,5275000000.0,-66000000.0,-4077000000.0,,6863000000.0,1055000000.0
