symbol,end_date,amend,period_focus,fiscal_year,doc_type,revenues,op_income,net_income,eps_basic,eps_diluted,dividend,assets,cur_assets,cur_liab,cash,equity,cash_flow_op,cash_flow_inv,cash_flow_fin,debt,goodwill,cap_ex
BNFT,2014-03-31,False,Q1,2014,10-Q,30696000.0,-11824000.0,-12402000.0,-0.51,-0.51,0.0,132042000.0,98029000.0,41189000.0,48824000.0,259000.0,17000.0,-15066000.0,-1772000.0,,1634000.0,2107000.0
BNFT,2013-09-30,False,Q3,2013,10-Q,26317000.0,-6766000.0,-6803000.0,-1.08,-1.08,0.0,127785000.0,108344000.0,40224000.0,84672000.0,20441000.0,2263000.0,-6686000.0,69392000.0,,1634000.0,6695000.0
BNFT,2014-06-30,False,Q2,2014,10-Q,32337000.0,-17411000.0,-18200000.0,-0.72,-0.72,0.0,141010000.0,98353000.0,46022000.0,55225000.0,-14589000.0,-7225000.0,-7123000.0,3928000.0,,1634000.0,3730000.0
BNFT,2013-09-30,True,Q3,2013,10-Q,26317000.0,-6358000.0,-6836000.0,-1.08,-1.08,0.0,133891000.0,108344000.0,40324000.0,84672000.0,18983000.0,3632000.0,-6686000.0,68023000.0,,1634000.0,6695000.0
BNFT,2014-12-31,False,FY,2014,10-K,137420000.0,-58903000.0,-63179000.0,-2.51,-2.51,0.0,140018000.0,81762000.0,56715000.0,51074000.0,-42823000.0,-18878000.0,-1953000.0,6260000.0,,1634000.0,9824000.0
BNFT,2013-12-31,False,FY,2013,10-K,104752000.0,-28194000.0,-30361000.0,-2.99,-2.99,0.0,139611000.0,106803000.0,41894000.0,65645000.0,11432000.0,1067000.0,-22077000.0,66952000.0,,1634000.0,8918000.0
BNFT,2018-12-31,False,FY,2018,10-K,258721000.0,-39699000.0,-52627000.0,-1.66,-1.66,0.0,313939000.0,228672000.0,78443000.0,190928000.0,-10210000.0,8981000.0,-8290000.0,134902000.0,176692000.0,1634000.0,8290000.0
BNFT,2014-09-30,False,Q3,2014,10-Q,34200000.0,-17762000.0,-18888000.0,-0.74,-0.74,0.0,131695000.0,83560000.0,49371000.0,53776000.0,-31158000.0,-12680000.0,-2114000.0,2925000.0,,1634000.0,7985000.0
BNFT,2016-03-31,False,Q1,2016,10-Q,54792000.0,-11489000.0,-13352000.0,-0.46,-0.46,0.0,135971000.0,78107000.0,68520000.0,22253000.0,-26667000.0,-19818000.0,21911000.0,-27914000.0,5246000.0,1634000.0,2610000.0
BNFT,2015-03-31,False,Q1,2015,10-Q,42669000.0,-12457000.0,-14649000.0,-0.55,-0.55,0.0,189739000.0,131442000.0,67508000.0,68611000.0,19074000.0,-6175000.0,-39768000.0,63480000.0,9246000.0,1634000.0,6003000.0
BNFT,2015-06-30,False,Q2,2015,10-Q,42708000.0,-16400000.0,-18284000.0,-0.64,-0.64,0.0,174204000.0,116205000.0,68997000.0,40424000.0,3636000.0,-16639000.0,-51098000.0,57087000.0,5246000.0,1634000.0,8054000.0
BNFT,2015-09-30,False,Q3,2015,10-Q,45426000.0,-14792000.0,-16664000.0,-0.58,-0.58,0.0,172355000.0,114267000.0,85953000.0,42992000.0,-8738000.0,-25686000.0,-48292000.0,65896000.0,15246000.0,1634000.0,11018000.0
BNFT,2015-12-31,False,FY,2015,10-K,185143000.0,-54274000.0,-62084000.0,-2.19,-2.19,0.0,182119000.0,123945000.0,105592000.0,48074000.0,-18009000.0,-31545000.0,-50245000.0,78790000.0,30246000.0,1634000.0,14727000.0
BNFT,2017-09-30,False,Q3,2017,10-Q,62453000.0,-3615000.0,-6674000.0,-0.21,-0.21,0.0,171220000.0,93322000.0,86350000.0,54573000.0,-36961000.0,-15068000.0,-4151000.0,16939000.0,60246000.0,1634000.0,6151000.0
BNFT,2017-03-31,False,Q1,2017,10-Q,64171000.0,-4645000.0,-7688000.0,-0.25,-0.25,0.0,172036000.0,90800000.0,72610000.0,57671000.0,-34157000.0,-7413000.0,-103000.0,8334000.0,48246000.0,1634000.0,2103000.0
BNFT,2017-06-30,False,Q2,2017,10-Q,63348000.0,-1476000.0,-4506000.0,-0.14,-0.14,0.0,173040000.0,93501000.0,83853000.0,59395000.0,-35094000.0,-6396000.0,-1825000.0,10763000.0,52246000.0,1634000.0,3825000.0
BNFT,2016-09-30,False,Q3,2016,10-Q,58022000.0,-6524000.0,-8603000.0,-0.29,-0.29,0.0,153359000.0,91985000.0,87732000.0,50800000.0,-35442000.0,-20863000.0,24860000.0,-1271000.0,35246000.0,1634000.0,10861000.0
BNFT,2016-06-30,False,Q2,2016,10-Q,57874000.0,-9091000.0,-11004000.0,-0.37,-0.37,0.0,164757000.0,105447000.0,105617000.0,56929000.0,-31791000.0,-20236000.0,24257000.0,4834000.0,39246000.0,1634000.0,4964000.0
BNFT,2016-12-31,False,FY,2016,10-K,233335000.0,-32168000.0,-40058000.0,-1.35,-1.35,0.0,180410000.0,96275000.0,92073000.0,56853000.0,-33311000.0,-22826000.0,25516000.0,6089000.0,40246000.0,1634000.0,12705000.0
BNFT,2017-12-31,False,FY,2017,10-K,256735000.0,-13518000.0,-25872000.0,-0.83,-0.83,0.0,165109000.0,89828000.0,93890000.0,55335000.0,-39331000.0,-5937000.0,-6279000.0,10698000.0,56246000.0,1634000.0,8279000.0
BNFT,2018-03-31,False,Q1,2018,10-Q,62363000.0,-10673000.0,-13802000.0,-0.44,-0.44,0.0,187755000.0,99540000.0,91327000.0,54785000.0,-17974000.0,-3683000.0,-1641000.0,4774000.0,63246000.0,1634000.0,1641000.0
BNFT,2018-09-30,False,Q3,2018,10-Q,61006000.0,-8334000.0,-11598000.0,-0.36,-0.36,0.0,175149000.0,89469000.0,102458000.0,51065000.0,-35572000.0,-3982000.0,-5855000.0,5567000.0,69246000.0,1634000.0,5855000.0
BNFT,2018-06-30,False,Q2,2018,10-Q,60581000.0,-11055000.0,-14261000.0,-0.45,-0.45,0.0,181302000.0,93839000.0,96114000.0,53292000.0,-27512000.0,-4773000.0,-3561000.0,6291000.0,67246000.0,1634000.0,3561000.0
