symbol,end_date,amend,period_focus,fiscal_year,doc_type,revenues,op_income,net_income,eps_basic,eps_diluted,dividend,assets,cur_assets,cur_liab,cash,equity,cash_flow_op,cash_flow_inv,cash_flow_fin,debt,goodwill,cap_ex
BOKF,2010-06-30,False,Q2,2010,10-Q,375036000.0,,63522000.0,0.93,0.93,0.25,23736728000.0,,,834972000.0,2450027000.0,15646000.0,88433000.0,-172769000.0,,335601000.0,-26658000.0
BOKF,2010-09-30,False,Q3,2010,10-Q,354640000.0,,64267000.0,0.94,0.94,0.25,24385952000.0,,,1175434000.0,2523988000.0,130740000.0,-270211000.0,414157000.0,,335601000.0,32291000.0
BOKF,2011-03-31,False,Q1,2011,10-Q,319667000.0,,64774000.0,0.95,0.94,0.25,23701023000.0,,,805928000.0,2597688000.0,358343000.0,-555279000.0,-264078000.0,,335601000.0,0.0
BOKF,2010-12-31,False,FY,2010,10-K,1371990000.0,,246754000.0,3.63,3.61,0.99,23941603000.0,,,1247946000.0,2543878000.0,365178000.0,42661000.0,-59651000.0,,335601000.0,31321000.0
BOKF,2011-09-30,False,Q3,2011,10-Q,379726000.0,,84421000.0,1.24,1.24,0.275,25066265000.0,,,953688000.0,2767550000.0,152485000.0,-966275000.0,517267000.0,,335601000.0,52857000.0
BOKF,2011-06-30,False,Q2,2011,10-Q,348677000.0,,68448000.0,1.01,1.0,0.275,24238182000.0,,,1098721000.0,2692174000.0,118553000.0,-339552000.0,62356000.0,,335601000.0,19984000.0
BOKF,2011-12-31,False,FY,2010,10-K,270504000.0,,283661000.0,4.18,4.17,1.13,25493946000.0,,,976191000.0,2786652000.0,327788000.0,-1564144000.0,953317000.0,2769748000.0,335601000.0,-56195000.0
BOKF,2013-03-31,False,Q1,2013,10-Q,348073000.0,,86993000.0,1.28,1.28,0.38,27447158000.0,,,928035000.0,3047892000.0,239418000.0,312907000.0,-892947000.0,,359759000.0,73612000.0
BOKF,2012-03-31,False,Q1,2012,10-Q,338589000.0,,82875000.0,1.22,1.22,0.33,25884173000.0,,,691697000.0,2870401000.0,316885000.0,-833053000.0,236109000.0,,335601000.0,31799000.0
BOKF,2012-12-31,False,FY,2012,10-K,276526000.0,,348650000.0,5.15,5.13,2.47,28148631000.0,,,1266834000.0,2993681000.0,591850000.0,-2368347000.0,2076671000.0,3053854000.0,361979000.0,94756000.0
BOKF,2012-09-30,False,Q3,2012,10-Q,376015000.0,,87104000.0,1.28,1.27,0.38,27117641000.0,,,596590000.0,3012475000.0,448645000.0,-1929610000.0,1110094000.0,,358962000.0,77032000.0
BOKF,2012-06-30,False,Q2,2012,10-Q,390090000.0,,96651000.0,1.43,1.43,0.38,25576046000.0,,,628092000.0,2922721000.0,391166000.0,-542040000.0,-196228000.0,,335601000.0,40991000.0
BOKF,2013-06-30,False,Q2,2013,10-Q,335802000.0,,79077000.0,1.16,1.16,0.38,27808200000.0,,,1026497000.0,2992882000.0,272823000.0,-157932000.0,-322745000.0,,359759000.0,115250000.0
BOKF,2013-09-30,False,Q3,2013,10-Q,329206000.0,,74939000.0,1.1,1.1,0.38,27166367000.0,,,1133771000.0,3026974000.0,568964000.0,464978000.0,-1159196000.0,,359759000.0,120539000.0
BOKF,2014-03-31,False,Q1,2014,10-Q,316126000.0,,75892000.0,1.11,1.11,0.4,27364714000.0,,,645435000.0,3144599000.0,60374000.0,17073000.0,189346000.0,,364570000.0,20945000.0
BOKF,2014-12-31,False,FY,2014,10-K,76984000.0,,289196000.0,4.23,4.22,1.62,29089698000.0,,,550576000.0,3336206000.0,-36630000.0,-434020000.0,1859279000.0,3726277000.0,377780000.0,307318000.0
BOKF,2014-06-30,False,Q2,2014,10-Q,345200000.0,,75011000.0,1.1,1.1,0.4,27843770000.0,,,615479000.0,3247646000.0,-16328000.0,-172109000.0,449098000.0,,377780000.0,56778000.0
BOKF,2013-12-31,False,FY,2013,10-K,228681000.0,,313221000.0,4.61,4.59,1.54,27015432000.0,,,512931000.0,3054973000.0,736320000.0,437029000.0,-1372375000.0,3069690000.0,359759000.0,212292000.0
BOKF,2014-09-30,False,Q3,2014,10-Q,346916000.0,,74734000.0,1.09,1.09,0.4,29105020000.0,,,557658000.0,3277312000.0,-23171000.0,-242294000.0,1743811000.0,,377780000.0,193597000.0
BOKF,2015-03-31,False,Q1,2015,10-Q,350586000.0,,74029000.0,1.08,1.08,0.42,30299978000.0,,,490683000.0,3390252000.0,-174848000.0,-635268000.0,944944000.0,,377780000.0,108579000.0
BOKF,2015-06-30,False,Q2,2015,10-Q,368098000.0,,78286000.0,1.15,1.15,0.42,30725563000.0,,,443577000.0,3412833000.0,-89029000.0,-1078735000.0,1254571000.0,,385454000.0,144454000.0
BOKF,2015-09-30,False,Q3,2015,10-Q,357100000.0,,73997000.0,1.09,1.09,0.42,30566905000.0,,,489268000.0,3416162000.0,171715000.0,-1223633000.0,895449000.0,,385461000.0,203546000.0
BOKF,2015-12-31,False,FY,2015,10-K,151587000.0,,285182000.0,4.22,4.21,1.69,31476128000.0,,,573699000.0,3267639000.0,295010000.0,-2001304000.0,1874051000.0,6277866000.0,385461000.0,265406000.0
BOKF,2016-03-31,False,Q1,2016,10-Q,361540000.0,,42026000.0,0.64,0.64,0.43,31413945000.0,,,481510000.0,3356265000.0,5238000.0,30940000.0,-367105000.0,,383789000.0,75893000.0
BOKF,2017-03-31,False,Q1,2017,10-Q,396686000.0,,87353000.0,1.35,1.35,0.44,32628932000.0,,,546575000.0,3370894000.0,-168731000.0,686099000.0,-287650000.0,,445738000.0,62899000.0
BOKF,2016-06-30,False,Q2,2016,10-Q,391149000.0,,64980000.0,1.0,1.0,0.43,31970450000.0,,,498713000.0,3402738000.0,185051000.0,-428890000.0,6791000.0,,382739000.0,107241000.0
BOKF,2016-09-30,False,Q3,2016,10-Q,400659000.0,,73361000.0,1.13,1.13,0.43,32779231000.0,,,535916000.0,3432411000.0,-491841000.0,-311000000.0,776136000.0,,382739000.0,159263000.0
BOKF,2016-12-31,False,FY,2016,10-K,42772000.0,,229785000.0,3.53,3.53,1.73,32772281000.0,,,620846000.0,3306357000.0,-93454000.0,-286007000.0,273359000.0,5717302000.0,448899000.0,199802000.0
BOKF,2018-03-31,False,Q1,2018,10-Q,421396000.0,,104540000.0,1.61,1.61,0.45,33361492000.0,,,544534000.0,3517342000.0,-148337000.0,-180893000.0,611609000.0,,447430000.0,59788000.0
BOKF,2018-06-30,False,Q2,2018,10-Q,450579000.0,,113416000.0,1.75,1.75,0.45,33833107000.0,,,585801000.0,3576045000.0,-936541000.0,-864130000.0,942417000.0,,453093000.0,121889000.0
BOKF,2017-12-31,False,FY,2017,10-K,168585000.0,,331083000.0,5.11,5.11,1.77,32272160000.0,,,602510000.0,3518334000.0,214931000.0,739556000.0,-1174930000.0,5854537000.0,447430000.0,250783000.0
BOKF,2017-09-30,False,Q3,2017,10-Q,431123000.0,,84761000.0,1.31,1.31,0.44,33005515000.0,,,547203000.0,3514439000.0,-177200000.0,333024000.0,-219339000.0,,446697000.0,170937000.0
BOKF,2017-06-30,False,Q2,2017,10-Q,417433000.0,,87221000.0,1.35,1.35,0.44,32263532000.0,,,561587000.0,3449545000.0,228362000.0,666710000.0,-792151000.0,,446697000.0,106362000.0
