symbol,end_date,amend,period_focus,fiscal_year,doc_type,revenues,op_income,net_income,eps_basic,eps_diluted,dividend,assets,cur_assets,cur_liab,cash,equity,cash_flow_op,cash_flow_inv,cash_flow_fin,debt,goodwill,cap_ex
BOOM,2012-03-31,False,Q1,2012,10-Q,50212000.0,4138000.0,2428000.0,0.18,0.18,0.04,230037000.0,96857000.0,29829000.0,7533000.0,152712000.0,6733000.0,-12811000.0,8173000.0,,38399000.0,2633000.0
BOOM,2011-09-30,False,Q3,2011,10-Q,54890000.0,5666000.0,4273000.0,0.32,0.32,0.04,218591000.0,92169000.0,45239000.0,4116000.0,147026000.0,2258000.0,-4344000.0,1569000.0,,39546000.0,4364000.0
BOOM,2018-12-31,False,FY,2018,10-K,326429000.0,37424000.0,29780000.0,2.05,2.04,0.08,240418000.0,132216000.0,64565000.0,13375000.0,134286000.0,27638000.0,-45095000.0,21858000.0,41355000.0,,45095000.0
BOOM,2011-12-31,False,FY,2011,10-K,208891000.0,18219000.0,12491000.0,0.94,0.93,0.16,213426000.0,91189000.0,29310000.0,5276000.0,146043000.0,9726000.0,-7731000.0,-1395000.0,,37507000.0,7726000.0
BOOM,2011-06-30,False,Q2,2011,10-Q,54165000.0,5897000.0,3868000.0,0.29,0.29,0.04,230864000.0,97467000.0,53382000.0,7613000.0,149669000.0,755000.0,-2250000.0,4211000.0,,42020000.0,2286000.0
BOOM,2012-09-30,False,Q3,2012,10-Q,50149000.0,5150000.0,3754000.0,0.28,0.28,0.04,235833000.0,104915000.0,25556000.0,11381000.0,155994000.0,12477000.0,-20668000.0,14356000.0,137000.0,36637000.0,10526000.0
BOOM,2012-06-30,False,Q2,2012,10-Q,48687000.0,3650000.0,2653000.0,0.2,0.2,0.04,222037000.0,95337000.0,27144000.0,5215000.0,148819000.0,8075000.0,-15763000.0,7759000.0,148000.0,36056000.0,5595000.0
BOOM,2013-09-30,False,Q3,2013,10-Q,54268000.0,5460000.0,3562000.0,0.26,0.26,0.04,229554000.0,89850000.0,22642000.0,9578000.0,171173000.0,30734000.0,-13821000.0,-15707000.0,70000.0,37553000.0,14030000.0
BOOM,2013-06-30,False,Q2,2013,10-Q,57859000.0,6013000.0,3440000.0,0.25,0.25,0.04,232343000.0,96904000.0,30022000.0,2323000.0,163360000.0,15398000.0,-9534000.0,-11629000.0,83000.0,36447000.0,9726000.0
BOOM,2013-03-31,False,Q1,2013,10-Q,46270000.0,-1055000.0,215000.0,0.02,0.02,0.04,229007000.0,95554000.0,21361000.0,8174000.0,159157000.0,6290000.0,-4408000.0,-1661000.0,101000.0,36125000.0,4453000.0
BOOM,2013-12-31,False,FY,2013,10-K,209573000.0,11697000.0,7495000.0,0.55,0.54,0.16,240612000.0,98764000.0,31192000.0,10617000.0,172792000.0,32052000.0,-18239000.0,-11587000.0,51000.0,37970000.0,17565000.0
BOOM,2012-12-31,False,FY,2012,10-K,201567000.0,17403000.0,11696000.0,0.87,0.87,0.16,235431000.0,100666000.0,24378000.0,8200000.0,162556000.0,19970000.0,-25555000.0,8517000.0,120000.0,37431000.0,15647000.0
BOOM,2014-06-30,False,Q2,2014,10-Q,53618000.0,3991000.0,2887000.0,0.21,0.21,0.04,241948000.0,104175000.0,23908000.0,8692000.0,176646000.0,691000.0,-4267000.0,1740000.0,20000.0,37161000.0,4215000.0
BOOM,2015-06-30,False,Q2,2015,10-Q,44741000.0,-63000.0,-1319000.0,-0.1,-0.1,0.04,219495000.0,101719000.0,31173000.0,10889000.0,143872000.0,-4717000.0,-2496000.0,9333000.0,,29574000.0,2471000.0
BOOM,2014-03-31,False,Q1,2014,10-Q,48039000.0,2763000.0,1638000.0,0.12,0.12,0.04,236875000.0,98234000.0,27766000.0,9130000.0,172304000.0,3098000.0,-2025000.0,-2334000.0,34000.0,37689000.0,2057000.0
BOOM,2016-03-31,False,Q1,2016,10-Q,40532000.0,-85000.0,-413000.0,-0.03,-0.03,0.02,183992000.0,87333000.0,35026000.0,5595000.0,122312000.0,3805000.0,-415000.0,-4284000.0,,17788000.0,435000.0
BOOM,2014-09-30,False,Q3,2014,10-Q,51886000.0,3366000.0,2498000.0,0.18,0.18,0.04,229596000.0,106456000.0,24134000.0,14932000.0,168859000.0,15818000.0,-6219000.0,-4603000.0,4000.0,34382000.0,6472000.0
BOOM,2016-09-30,False,Q3,2016,10-Q,36553000.0,-2442000.0,-3136000.0,-0.22,-0.22,0.02,166935000.0,72884000.0,29964000.0,7451000.0,118680000.0,17839000.0,-4008000.0,-12945000.0,,17417000.0,4070000.0
BOOM,2015-03-31,False,Q1,2015,10-Q,40819000.0,-3226000.0,-2377000.0,-0.17,-0.17,0.04,211076000.0,95714000.0,28264000.0,12939000.0,142318000.0,-3832000.0,-891000.0,8747000.0,,29139000.0,891000.0
BOOM,2017-06-30,False,Q2,2017,10-Q,47190000.0,1982000.0,189000.0,0.01,0.01,0.02,173878000.0,83778000.0,29046000.0,8615000.0,116989000.0,-3133000.0,-2165000.0,7177000.0,,17167000.0,2167000.0
BOOM,2017-09-30,False,Q3,2017,10-Q,52161000.0,-12449000.0,-14064000.0,-0.98,-0.98,0.02,164866000.0,91086000.0,33029000.0,8861000.0,106305000.0,518000.0,-3297000.0,4805000.0,,0.0,3299000.0
BOOM,2016-06-30,False,Q2,2016,10-Q,41317000.0,-822000.0,-766000.0,-0.05,-0.05,0.02,175889000.0,82233000.0,28720000.0,9444000.0,120776000.0,8442000.0,-1160000.0,-4385000.0,,17333000.0,1226000.0
BOOM,2015-09-30,False,Q3,2015,10-Q,39508000.0,-941000.0,-4233000.0,-0.3,-0.3,0.04,209927000.0,96641000.0,24804000.0,8574000.0,138262000.0,-6414000.0,-4690000.0,10965000.0,,29757000.0,4812000.0
BOOM,2017-03-31,False,Q1,2017,10-Q,38962000.0,-2306000.0,-3020000.0,-0.21,-0.21,0.02,165064000.0,76010000.0,27789000.0,5056000.0,111247000.0,-5186000.0,-1647000.0,5382000.0,,16218000.0,1649000.0
BOOM,2015-12-31,False,FY,2015,10-K,166918000.0,-23679000.0,-23971000.0,-1.72,-1.72,0.14,182866000.0,86454000.0,32898000.0,6291000.0,118421000.0,1618000.0,-5326000.0,1788000.0,27500000.0,17190000.0,5433000.0
BOOM,2018-03-31,False,Q1,2018,10-Q,67313000.0,5312000.0,3818000.0,0.26,0.26,0.02,198419000.0,125191000.0,54377000.0,10768000.0,111357000.0,-2978000.0,-5302000.0,10538000.0,29933000.0,,5302000.0
BOOM,2014-12-31,False,FY,2014,10-K,202561000.0,6665000.0,2567000.0,0.18,0.18,0.16,219329000.0,95096000.0,32508000.0,9400000.0,154915000.0,23313000.0,-13383000.0,-7854000.0,0.0,32762000.0,21403000.0
BOOM,2018-06-30,False,Q2,2018,10-Q,80915000.0,10229000.0,6224000.0,0.43,0.43,0.02,210782000.0,129570000.0,58382000.0,6629000.0,114229000.0,-1579000.0,-16201000.0,15748000.0,35382000.0,,16201000.0
BOOM,2018-09-30,False,Q3,2018,10-Q,87883000.0,8820000.0,4799000.0,0.33,0.33,0.02,229519000.0,139876000.0,65126000.0,11098000.0,119390000.0,6545000.0,-26574000.0,22090000.0,42269000.0,,26574000.0
BOOM,2017-12-31,False,FY,2017,10-K,192803000.0,-12260000.0,-18853000.0,-1.31,-1.31,0.08,173083000.0,99956000.0,45627000.0,8983000.0,105780000.0,6747000.0,-6184000.0,647000.0,18250000.0,0.0,6186000.0
BOOM,2016-12-31,False,FY,2016,10-K,158575000.0,-5274000.0,-6505000.0,-0.46,-0.46,0.08,162555000.0,73359000.0,30747000.0,6419000.0,112409000.0,18198000.0,-5702000.0,-12107000.0,16250000.0,16097000.0,5719000.0
