symbol,end_date,amend,period_focus,fiscal_year,doc_type,revenues,op_income,net_income,eps_basic,eps_diluted,dividend,assets,cur_assets,cur_liab,cash,equity,cash_flow_op,cash_flow_inv,cash_flow_fin,debt,goodwill,cap_ex
BRN,2013-03-31,False,Q2,2013,10-Q,6768000.0,-1445000.0,-2944000.0,-0.36,-0.36,0.0,63082000.0,19272000.0,15235000.0,8316000.0,23691000.0,1508000.0,-1823000.0,-139000.0,16903000.0,,2127000.0
BRN,2011-12-31,False,Q1,2012,10-Q,8502000.0,,-282000.0,-0.03,-0.03,0.0,86969000.0,27663000.0,22776000.0,9319000.0,39340000.0,1803000.0,-2181000.0,-147000.0,,,2249000.0
BRN,2018-12-31,False,Q1,2019,10-Q,2595000.0,-3068000.0,-4600000.0,-0.56,-0.56,0.0,26678000.0,10831000.0,4218000.0,6098000.0,11183000.0,-998000.0,1291000.0,-107000.0,,,355000.0
BRN,2012-03-31,False,Q2,2012,10-Q,7166000.0,,-2981000.0,-0.36,-0.36,0.0,82075000.0,24472000.0,19079000.0,8599000.0,36858000.0,3027000.0,-3857000.0,-430000.0,,,4304000.0
BRN,2011-06-30,False,Q3,2011,10-Q,8989000.0,,802000.0,0.1,0.1,0.0,97871000.0,35767000.0,28472000.0,16769000.0,41671000.0,13854000.0,-5638000.0,-2281000.0,,,7377000.0
BRN,2013-06-30,False,Q3,2013,10-Q,5179000.0,1034000.0,-1225000.0,-0.15,-0.15,0.0,61377000.0,18961000.0,15210000.0,9115000.0,21661000.0,3864000.0,-3230000.0,-232000.0,16772000.0,,3549000.0
BRN,2012-12-31,False,Q1,2013,10-Q,6523000.0,-1084000.0,-2746000.0,-0.33,-0.33,0.0,67516000.0,20141000.0,16370000.0,10027000.0,27089000.0,1743000.0,-967000.0,428000.0,17537000.0,,973000.0
BRN,2012-06-30,False,Q3,2012,10-Q,12352000.0,408000.0,-1366000.0,-0.17,-0.17,0.0,74956000.0,19686000.0,13808000.0,9719000.0,34860000.0,10630000.0,-4684000.0,-6063000.0,17360000.0,,5170000.0
BRN,2011-09-30,False,FY,2011,10-K,38460000.0,,-109000.0,-0.01,-0.01,0.0,88772000.0,29530000.0,24089000.0,9834000.0,38714000.0,13263000.0,-11473000.0,-2689000.0,,,15313000.0
BRN,2012-09-30,False,FY,2012,10-K,34040000.0,-3023000.0,-10136000.0,-1.22,-1.22,0.0,69890000.0,18885000.0,14315000.0,8845000.0,30125000.0,11466000.0,-6277000.0,-6209000.0,17164000.0,,6879000.0
BRN,2013-12-31,False,Q1,2014,10-Q,7197000.0,1100000.0,-989000.0,-0.12,-0.12,0.0,65929000.0,17096000.0,19171000.0,5269000.0,20614000.0,999000.0,-5632000.0,2116000.0,20692000.0,,1617000.0
BRN,2014-03-31,False,Q2,2014,10-Q,7827000.0,2792000.0,-285000.0,-0.03,-0.03,0.0,61384000.0,18490000.0,15919000.0,7163000.0,19401000.0,3010000.0,-4922000.0,1363000.0,19870000.0,,2700000.0
BRN,2014-09-30,False,FY,2014,10-K,28017000.0,7686000.0,672000.0,0.08,0.08,0.0,54770000.0,26520000.0,14523000.0,16104000.0,19945000.0,5569000.0,9078000.0,-6031000.0,11099000.0,,3576000.0
BRN,2013-09-30,False,FY,2013,10-K,24563000.0,-716000.0,-8563000.0,-1.03,-1.03,0.0,62714000.0,19027000.0,16447000.0,7828000.0,22320000.0,3191000.0,-3778000.0,-319000.0,16640000.0,,4122000.0
BRN,2014-06-30,False,Q3,2014,10-Q,6802000.0,2127000.0,-216000.0,-0.03,-0.03,0.0,56356000.0,26118000.0,14950000.0,10255000.0,19641000.0,4487000.0,274000.0,-2341000.0,16034000.0,,3382000.0
BRN,2015-03-31,False,Q2,2015,10-Q,3476000.0,318000.0,-2017000.0,-0.24,-0.24,0.0,47919000.0,20780000.0,12573000.0,9097000.0,16430000.0,-4443000.0,950000.0,-2689000.0,8654000.0,,526000.0
BRN,2015-06-30,False,Q3,2015,10-Q,5184000.0,2033000.0,971000.0,0.12,0.12,0.0,47219000.0,19318000.0,10460000.0,8695000.0,17560000.0,-5366000.0,2148000.0,-3409000.0,8454000.0,,526000.0
BRN,2014-12-31,False,Q1,2015,10-Q,6015000.0,1888000.0,-467000.0,-0.06,-0.06,0.0,51652000.0,24057000.0,14349000.0,14188000.0,19122000.0,-1556000.0,479000.0,-568000.0,10697000.0,,526000.0
BRN,2016-03-31,False,Q2,2016,10-Q,1502000.0,-521000.0,-1608000.0,-0.19,-0.19,0.0,37075000.0,20734000.0,8358000.0,8949000.0,16513000.0,-4607000.0,4733000.0,80000.0,3440000.0,,0.0
BRN,2015-12-31,False,Q1,2016,10-Q,1851000.0,200000.0,-1409000.0,-0.17,-0.17,0.0,38047000.0,21989000.0,8402000.0,5837000.0,17804000.0,-2420000.0,-216000.0,27000.0,3440000.0,,0.0
BRN,2017-03-31,False,Q2,2017,10-Q,3003000.0,969000.0,-615000.0,-0.07,-0.07,0.0,32375000.0,23042000.0,4968000.0,16655000.0,14836000.0,316000.0,1503000.0,-616000.0,0.0,,447000.0
BRN,2016-12-31,False,Q1,2017,10-Q,4280000.0,1946000.0,1641000.0,0.2,0.2,0.0,34324000.0,22190000.0,5452000.0,15360000.0,15921000.0,-966000.0,971000.0,-54000.0,0.0,,352000.0
BRN,2016-06-30,False,Q3,2016,10-Q,8199000.0,539000.0,775000.0,0.09,0.09,0.0,33588000.0,22057000.0,4950000.0,17433000.0,17156000.0,3044000.0,9932000.0,-4252000.0,0.0,,0.0
BRN,2017-06-30,False,Q3,2017,10-Q,1319000.0,399000.0,-512000.0,-0.06,-0.06,0.0,30978000.0,23467000.0,4424000.0,16124000.0,14460000.0,-1830000.0,2570000.0,-239000.0,,,498000.0
BRN,2016-09-30,False,FY,2016,10-K,13241000.0,202000.0,-3615000.0,-0.44,-0.44,0.0,31568000.0,21114000.0,4736000.0,15550000.0,13744000.0,1770000.0,9378000.0,-4252000.0,0.0,,996000.0
BRN,2015-09-30,False,FY,2015,10-K,17479000.0,10209000.0,1263000.0,0.15,0.15,0.0,41553000.0,25678000.0,10003000.0,8471000.0,19262000.0,-7132000.0,9077000.0,-8709000.0,3440000.0,,1710000.0
BRN,2017-12-31,False,Q1,2018,10-Q,1823000.0,64000.0,-1017000.0,-0.12,-0.12,0.0,31231000.0,23318000.0,4728000.0,12764000.0,16662000.0,-1787000.0,-1217000.0,-506000.0,,,147000.0
BRN,2018-03-31,False,Q2,2018,10-Q,1917000.0,2445000.0,679000.0,0.08,0.08,0.0,29284000.0,22787000.0,4141000.0,11393000.0,17183000.0,-3461000.0,-715000.0,-506000.0,,,288000.0
BRN,2017-09-30,False,FY,2017,10-K,12937000.0,5847000.0,1171000.0,0.14,0.14,0.0,33020000.0,25142000.0,4798000.0,16281000.0,18183000.0,-2119000.0,2911000.0,-370000.0,,,807000.0
BRN,2018-06-30,False,Q3,2018,10-Q,3122000.0,1152000.0,-374000.0,-0.05,-0.05,0.0,28541000.0,22913000.0,3274000.0,13539000.0,16955000.0,-4321000.0,2482000.0,-594000.0,,,473000.0
BRN,2018-09-30,False,FY,2018,10-K,9368000.0,3865000.0,-1770000.0,-0.21,-0.21,0.0,31378000.0,12082000.0,3629000.0,5965000.0,16239000.0,-5091000.0,-3884000.0,-1070000.0,,,750000.0
