symbol,end_date,amend,period_focus,fiscal_year,doc_type,revenues,op_income,net_income,eps_basic,eps_diluted,dividend,assets,cur_assets,cur_liab,cash,equity,cash_flow_op,cash_flow_inv,cash_flow_fin,debt,goodwill,cap_ex
BSX,2018-12-31,False,FY,2018,10-K,9825000000.0,1506000000.0,1671000000.0,1.21,1.19,0.0,20999000000.0,4003000000.0,5260000000.0,146000000.0,8726000000.0,310000000.0,-1921000000.0,1432000000.0,7056000000.0,7911000000.0,316000000.0
BSX,2011-03-31,False,Q1,2011,10-Q,1925000000.0,322000000.0,46000000.0,0.03,0.03,0.0,22070000000.0,3569000000.0,2040000000.0,595000000.0,11369000000.0,-97000000.0,968000000.0,-491000000.0,4924000000.0,9748000000.0,69000000.0
BSX,2012-06-30,False,Q2,2012,10-Q,1828000000.0,-3587000000.0,-3578000000.0,-2.51,-2.51,0.0,17818000000.0,3111000000.0,1794000000.0,371000000.0,7728000000.0,619000000.0,-257000000.0,-259000000.0,4257000000.0,6474000000.0,118000000.0
BSX,2010-09-30,False,Q3,2010,10-Q,1916000000.0,251000000.0,190000000.0,0.13,0.12,0.0,22486000000.0,3556000000.0,2955000000.0,624000000.0,11038000000.0,-124000000.0,-217000000.0,101000000.0,6037000000.0,10592000000.0,209000000.0
BSX,2010-12-31,False,FY,2010,10-K,7806000000.0,-656000000.0,-1065000000.0,-0.7,-0.7,0.0,22128000000.0,3615000000.0,2609000000.0,213000000.0,11296000000.0,325000000.0,-480000000.0,-496000000.0,5438000000.0,10186000000.0,272000000.0
BSX,2011-09-30,False,Q3,2011,10-Q,1874000000.0,174000000.0,142000000.0,0.09,0.09,0.0,21502000000.0,3213000000.0,1887000000.0,276000000.0,11521000000.0,659000000.0,827000000.0,-1420000000.0,4263000000.0,9769000000.0,221000000.0
BSX,2012-03-31,False,Q1,2012,10-Q,1866000000.0,196000000.0,113000000.0,0.08,0.08,0.0,21185000000.0,3091000000.0,1669000000.0,284000000.0,11396000000.0,212000000.0,-69000000.0,-129000000.0,4259000000.0,9762000000.0,66000000.0
BSX,2011-12-31,False,FY,2011,10-K,7622000000.0,904000000.0,441000000.0,0.29,0.29,0.0,21290000000.0,3105000000.0,1807000000.0,267000000.0,11353000000.0,1008000000.0,769000000.0,-1721000000.0,4261000000.0,9761000000.0,304000000.0
BSX,2012-09-30,False,Q3,2012,10-Q,1735000000.0,-594000000.0,-664000000.0,-0.48,-0.48,0.0,16898000000.0,3173000000.0,1815000000.0,352000000.0,6828000000.0,891000000.0,-306000000.0,-502000000.0,4255000000.0,5724000000.0,164000000.0
BSX,2012-12-31,False,FY,2012,10-K,7249000000.0,-3868000000.0,-4068000000.0,-2.89,-2.89,0.0,17154000000.0,3022000000.0,1772000000.0,207000000.0,6870000000.0,1260000000.0,-579000000.0,-744000000.0,4256000000.0,5973000000.0,226000000.0
BSX,2011-06-30,False,Q2,2011,10-Q,1975000000.0,237000000.0,146000000.0,0.1,0.1,0.0,21559000000.0,3149000000.0,1892000000.0,154000000.0,11540000000.0,293000000.0,886000000.0,-1241000000.0,4201000000.0,9758000000.0,152000000.0
BSX,2013-09-30,False,Q3,2013,10-Q,1735000000.0,103000000.0,-5000000.0,0.0,0.0,0.0,16917000000.0,3525000000.0,1902000000.0,571000000.0,6563000000.0,809000000.0,-112000000.0,-333000000.0,4249000000.0,5553000000.0,161000000.0
BSX,2013-03-31,True,Q1,2013,10-Q,1761000000.0,-330000000.0,-354000000.0,-0.26,-0.26,0.0,16763000000.0,3102000000.0,1636000000.0,268000000.0,6503000000.0,163000000.0,-11000000.0,-90000000.0,4254000000.0,5552000000.0,53000000.0
BSX,2013-06-30,False,Q2,2013,10-Q,1809000000.0,220000000.0,130000000.0,0.1,0.1,0.0,16996000000.0,3498000000.0,2477000000.0,530000000.0,6603000000.0,559000000.0,-39000000.0,-196000000.0,4252000000.0,5553000000.0,104000000.0
BSX,2013-03-31,False,Q1,2013,10-Q,1761000000.0,-330000000.0,-354000000.0,-0.26,-0.26,0.0,16763000000.0,3102000000.0,1636000000.0,268000000.0,6503000000.0,163000000.0,-11000000.0,-90000000.0,4254000000.0,5552000000.0,53000000.0
BSX,2009-06-30,False,Q2,2009,10-Q,2074000000.0,275000000.0,158000000.0,0.1,0.1,0.0,26193000000.0,4796000000.0,2750000000.0,1194000000.0,13414000000.0,680000000.0,-640000000.0,-487000000.0,,12425000000.0,134000000.0
BSX,2009-12-31,False,FY,2009,10-K,8188000000.0,-894000000.0,-1025000000.0,-0.68,-0.68,0.0,25177000000.0,4061000000.0,3022000000.0,864000000.0,12301000000.0,835000000.0,-793000000.0,-820000000.0,,12404000000.0,312000000.0
BSX,2010-06-30,False,Q2,2010,10-Q,1928000000.0,231000000.0,98000000.0,0.06,0.06,0.0,23019000000.0,3987000000.0,3723000000.0,811000000.0,10893000000.0,2000000.0,-138000000.0,87000000.0,1000000000.0,10582000000.0,131000000.0
BSX,2010-03-31,False,Q1,2010,10-Q,1960000000.0,-1486000000.0,-1589000000.0,-1.05,-1.05,0.0,22853000000.0,3747000000.0,2913000000.0,519000000.0,10781000000.0,-284000000.0,-74000000.0,14000000.0,,10555000000.0,70000000.0
BSX,2009-09-30,False,Q3,2009,10-Q,2025000000.0,51000000.0,-94000000.0,-0.06,-0.06,0.0,26229000000.0,4962000000.0,3176000000.0,1381000000.0,13297000000.0,1164000000.0,-733000000.0,-693000000.0,,12432000000.0,225000000.0
BSX,2014-06-30,False,Q2,2014,10-Q,1873000000.0,-69000000.0,4000000.0,0.0,0.0,0.0,16477000000.0,3214000000.0,1773000000.0,357000000.0,6544000000.0,483000000.0,-189000000.0,-154000000.0,4255000000.0,5735000000.0,124000000.0
BSX,2014-03-31,False,Q1,2014,10-Q,1774000000.0,197000000.0,133000000.0,0.1,0.1,0.0,16335000000.0,2936000000.0,1719000000.0,191000000.0,6534000000.0,198000000.0,-65000000.0,-160000000.0,4249000000.0,5697000000.0,59000000.0
BSX,2014-09-30,False,Q3,2014,10-Q,1846000000.0,64000000.0,43000000.0,0.03,0.03,0.0,16718000000.0,3175000000.0,1820000000.0,246000000.0,6701000000.0,829000000.0,-662000000.0,-136000000.0,4252000000.0,5901000000.0,180000000.0
BSX,2013-12-31,False,FY,2013,10-K,7143000000.0,120000000.0,-121000000.0,-0.09,-0.09,0.0,16571000000.0,3011000000.0,1824000000.0,217000000.0,6539000000.0,1082000000.0,-475000000.0,-596000000.0,4240000000.0,5693000000.0,245000000.0
BSX,2015-09-30,False,Q3,2015,10-Q,1888000000.0,-299000000.0,-198000000.0,-0.15,-0.15,0.0,18215000000.0,3462000000.0,2238000000.0,350000000.0,6410000000.0,271000000.0,-2016000000.0,1513000000.0,5859000000.0,6468000000.0,162000000.0
BSX,2015-06-30,False,Q2,2015,10-Q,1843000000.0,219000000.0,102000000.0,0.08,0.08,0.0,17123000000.0,3773000000.0,1937000000.0,903000000.0,6580000000.0,-137000000.0,-297000000.0,752000000.0,5112000000.0,5930000000.0,92000000.0
BSX,2017-03-31,False,Q1,2017,10-Q,2160000000.0,364000000.0,290000000.0,0.21,0.21,0.0,17943000000.0,3026000000.0,3490000000.0,156000000.0,7053000000.0,114000000.0,-140000000.0,-15000000.0,5514000000.0,6680000000.0,112000000.0
BSX,2016-06-30,False,Q2,2016,10-Q,2126000000.0,-334000000.0,-207000000.0,-0.15,-0.15,0.0,17838000000.0,3330000000.0,3182000000.0,438000000.0,6220000000.0,537000000.0,-150000000.0,-268000000.0,5427000000.0,6475000000.0,138000000.0
BSX,2016-03-31,False,Q1,2016,10-Q,1964000000.0,293000000.0,202000000.0,0.15,0.15,0.0,17718000000.0,3164000000.0,2608000000.0,338000000.0,6457000000.0,116000000.0,-48000000.0,-51000000.0,5677000000.0,6477000000.0,60000000.0
BSX,2015-12-31,False,FY,2015,10-K,7477000000.0,-327000000.0,-239000000.0,-0.18,-0.18,0.0,18133000000.0,3471000000.0,2430000000.0,319000000.0,6320000000.0,600000000.0,-2186000000.0,1322000000.0,5677000000.0,6473000000.0,247000000.0
BSX,2016-12-31,False,FY,2016,10-K,8386000000.0,447000000.0,347000000.0,0.26,0.25,0.0,18096000000.0,3239000000.0,3587000000.0,196000000.0,6733000000.0,972000000.0,-887000000.0,-206000000.0,5484000000.0,6678000000.0,376000000.0
BSX,2015-03-31,False,Q1,2015,10-Q,1768000000.0,24000000.0,-1000000.0,0.0,0.0,0.0,16472000000.0,3189000000.0,2463000000.0,242000000.0,6501000000.0,-197000000.0,-51000000.0,-94000000.0,4268000000.0,5896000000.0,46000000.0
BSX,2016-09-30,False,Q3,2016,10-Q,2105000000.0,348000000.0,228000000.0,0.17,0.17,0.0,17697000000.0,3181000000.0,3016000000.0,237000000.0,6482000000.0,506000000.0,-355000000.0,-234000000.0,5425000000.0,6498000000.0,209000000.0
BSX,2014-12-31,False,FY,2014,10-K,7380000000.0,-301000000.0,-119000000.0,-0.09,-0.09,0.0,17042000000.0,3606000000.0,2846000000.0,587000000.0,6457000000.0,1269000000.0,-745000000.0,-150000000.0,4262000000.0,5898000000.0,259000000.0
BSX,2017-06-30,False,Q2,2017,10-Q,2257000000.0,225000000.0,146000000.0,0.11,0.11,0.0,18382000000.0,3222000000.0,4300000000.0,195000000.0,7235000000.0,299000000.0,-619000000.0,317000000.0,5835000000.0,6871000000.0,180000000.0
BSX,2018-03-31,False,Q1,2018,10-Q,2379000000.0,407000000.0,298000000.0,0.22,0.21,0.0,19202000000.0,4080000000.0,4988000000.0,287000000.0,7030000000.0,193000000.0,-173000000.0,130000000.0,5765000000.0,6984000000.0,60000000.0
BSX,2017-12-31,False,FY,2017,10-K,9048000000.0,1285000000.0,104000000.0,0.08,0.08,0.0,19042000000.0,3822000000.0,5654000000.0,188000000.0,7012000000.0,1426000000.0,-1010000000.0,110000000.0,5616000000.0,6998000000.0,319000000.0
BSX,2017-09-30,False,Q3,2017,10-Q,2222000000.0,377000000.0,283000000.0,0.21,0.2,0.0,18636000000.0,3478000000.0,4828000000.0,210000000.0,7588000000.0,554000000.0,-721000000.0,178000000.0,5682000000.0,6882000000.0,240000000.0
BSX,2018-09-30,False,Q3,2018,10-Q,2394000000.0,388000000.0,432000000.0,0.31,0.31,0.0,20379000000.0,3971000000.0,5082000000.0,168000000.0,8289000000.0,291000000.0,-1326000000.0,1007000000.0,6626000000.0,7588000000.0,210000000.0
BSX,2018-06-30,False,Q2,2018,10-Q,2491000000.0,392000000.0,555000000.0,0.4,0.4,0.0,19615000000.0,3929000000.0,4753000000.0,208000000.0,7744000000.0,-210000000.0,-664000000.0,856000000.0,6493000000.0,7242000000.0,134000000.0
