symbol,end_date,amend,period_focus,fiscal_year,doc_type,revenues,op_income,net_income,eps_basic,eps_diluted,dividend,assets,cur_assets,cur_liab,cash,equity,cash_flow_op,cash_flow_inv,cash_flow_fin,debt,goodwill,cap_ex
BTU,2010-12-31,False,FY,2010,10-K,6860000000.0,1325700000.0,768400000.0,2.88,2.85,0.295,11363100000.0,2958200000.0,1513700000.0,1295200000.0,4689300000.0,1087100000.0,-703600000.0,-77100000.0,2750000000.0,,557000000.0
BTU,2012-03-31,False,Q1,2012,10-Q,145200000.0,350200000.0,171500000.0,0.63,0.63,0.085,16937100000.0,3029700000.0,1632000000.0,952400000.0,5812800000.0,395500000.0,-203100000.0,-39100000.0,6653000000.0,,235300000.0
BTU,2018-12-31,False,FY,2018,10-K,5581800000.0,661600000.0,536200000.0,4.5,4.43,0.485,7423700000.0,1955600000.0,1058500000.0,981900000.0,3451600000.0,1489700000.0,-517300000.0,-1025200000.0,500000000.0,,301000000.0
BTU,2011-03-31,False,Q1,2011,10-Q,1744900000.0,294300000.0,175600000.0,0.66,0.65,0.085,11523900000.0,3046200000.0,1644700000.0,1273200000.0,4891800000.0,220600000.0,-211200000.0,-31400000.0,2941800000.0,,107200000.0
BTU,2011-09-30,False,Q3,2011,10-Q,2035900000.0,375700000.0,272500000.0,1.01,1.0,0.085,11691600000.0,3005000000.0,1441300000.0,1401600000.0,5322500000.0,1190500000.0,-756800000.0,-327300000.0,2502400000.0,,616200000.0
BTU,2013-09-30,False,Q3,2013,10-Q,1797600000.0,112200000.0,-26300000.0,-0.1,-0.1,0.085,14890900000.0,2287800000.0,1659500000.0,551300000.0,4534900000.0,544000000.0,-260100000.0,-291400000.0,6007500000.0,,228700000.0
BTU,2012-09-30,False,Q3,2012,10-Q,2058800000.0,266500000.0,42700000.0,0.16,0.16,0.085,16850400000.0,2654700000.0,1789800000.0,648000000.0,5977000000.0,1291500000.0,-921800000.0,-520800000.0,6363100000.0,,732100000.0
BTU,2011-06-30,False,Q2,2011,10-Q,2008000000.0,458400000.0,283100000.0,1.05,1.05,0.085,11745600000.0,3110400000.0,1485500000.0,1176900000.0,5245300000.0,615600000.0,-439800000.0,-294100000.0,2512000000.0,,354800000.0
BTU,2012-06-30,False,Q2,2012,10-Q,1998200000.0,277900000.0,203200000.0,0.75,0.75,0.085,16693900000.0,2574500000.0,1739900000.0,489200000.0,5869400000.0,675500000.0,-515900000.0,-469500000.0,6385400000.0,,427600000.0
BTU,2013-03-31,False,Q1,2013,10-Q,1748000000.0,88800000.0,-23400000.0,-0.09,-0.09,0.085,15471900000.0,2452100000.0,1660200000.0,629500000.0,4904000000.0,271700000.0,-68300000.0,-132700000.0,6145700000.0,,74000000.0
BTU,2012-12-31,False,FY,2012,10-K,8077500000.0,172500000.0,-585700000.0,-2.19,-2.19,0.34,15809000000.0,2575500000.0,1674100000.0,558800000.0,4938800000.0,1515100000.0,-1092100000.0,-663300000.0,6252900000.0,,986000000.0
BTU,2014-06-30,False,Q2,2014,10-Q,1758000000.0,32800000.0,-73600000.0,-0.27,-0.27,0.085,13692200000.0,1877800000.0,1504700000.0,498400000.0,4004400000.0,75300000.0,48400000.0,-69300000.0,5994000000.0,,64700000.0
BTU,2013-06-30,False,Q2,2013,10-Q,1725300000.0,26400000.0,89700000.0,0.33,0.33,0.085,14927900000.0,2249200000.0,1670800000.0,517900000.0,4551100000.0,331400000.0,-106200000.0,-266100000.0,5988000000.0,,166500000.0
BTU,2014-03-31,False,Q1,2014,10-Q,1626800000.0,2900000.0,-48800000.0,-0.18,-0.18,0.085,13845100000.0,1910200000.0,1599600000.0,508100000.0,4015700000.0,54100000.0,39700000.0,-29700000.0,5998200000.0,,24400000.0
BTU,2011-12-31,False,FY,2011,10-K,7974400000.0,1593400000.0,952400000.0,3.53,3.52,0.34,16733000000.0,3005900000.0,1823700000.0,799100000.0,5515800000.0,1633200000.0,-3807800000.0,1678500000.0,6657500000.0,,846900000.0
BTU,2013-12-31,False,FY,2013,10-K,7013700000.0,-324800000.0,-525700000.0,-1.97,-1.97,0.34,14133400000.0,1992700000.0,1775500000.0,444000000.0,3947900000.0,722400000.0,-515700000.0,-321500000.0,6002400000.0,,328400000.0
BTU,2009-12-31,False,FY,2009,10-K,6012400000.0,844800000.0,448200000.0,1.68,1.66,0.25,9955300000.0,2189000000.0,1312400000.0,988800000.0,3755900000.0,1047900000.0,-406500000.0,-102300000.0,,,260600000.0
BTU,2009-06-30,False,Q2,2009,10-Q,1340900000.0,211900000.0,79200000.0,0.3,0.29,0.06,9623100000.0,1857900000.0,1311800000.0,446000000.0,3597400000.0,229400000.0,-208300000.0,-24800000.0,,,-82200000.0
BTU,2009-09-30,False,Q3,2009,10-Q,1667000000.0,220300000.0,106800000.0,0.4,0.4,0.06,9859500000.0,2089100000.0,1323400000.0,790800000.0,3784700000.0,658000000.0,-276500000.0,-40400000.0,,,143900000.0
BTU,2010-03-31,False,Q1,2010,10-Q,1515600000.0,242200000.0,133700000.0,0.5,0.5,0.07,10055300000.0,2248600000.0,1167000000.0,1025400000.0,3943700000.0,164000000.0,-112700000.0,-14700000.0,,,88400000.0
BTU,2010-09-30,False,Q3,2010,10-Q,1864700000.0,444700000.0,222400000.0,0.84,0.83,0.07,10972600000.0,2915400000.0,1411300000.0,1367500000.0,4478900000.0,883800000.0,-423300000.0,-81800000.0,2756100000.0,,291300000.0
BTU,2010-06-30,False,Q2,2010,10-Q,1661400000.0,324400000.0,204700000.0,0.77,0.76,0.07,10097800000.0,2330200000.0,1216400000.0,1157000000.0,3970200000.0,456400000.0,-233700000.0,-54500000.0,2762800000.0,,187500000.0
BTU,2015-09-30,False,Q3,2015,10-Q,1418900000.0,-20400000.0,-304700000.0,-16.73,-16.73,0.0,11663400000.0,1553600000.0,1516200000.0,334300000.0,1310400000.0,-90600000.0,-146300000.0,273200000.0,6301900000.0,,76900000.0
BTU,2015-03-31,False,Q1,2015,10-Q,1537900000.0,2200000.0,-176600000.0,-0.65,-0.65,0.0025,13151700000.0,1808900000.0,1761500000.0,637100000.0,2509100000.0,3400000.0,-35700000.0,371400000.0,6391600000.0,,25100000.0
BTU,2014-09-30,False,Q3,2014,10-Q,1722900000.0,36200000.0,-150900000.0,-0.56,-0.56,0.085,13544700000.0,1931400000.0,1700300000.0,466500000.0,3595100000.0,250100000.0,-89600000.0,-138000000.0,5991100000.0,,107500000.0
BTU,2014-12-31,False,FY,2014,10-K,6792200000.0,-135100000.0,-788000000.0,-2.94,-2.94,0.34,13191100000.0,1711000000.0,1863100000.0,298000000.0,2726500000.0,336600000.0,-314500000.0,-168100000.0,5986800000.0,,194400000.0
BTU,2015-06-30,False,Q2,2015,10-Q,1339300000.0,-975800000.0,-1045300000.0,-3.84,-3.84,0.0025,11861400000.0,1694000000.0,1528400000.0,487100000.0,1656000000.0,-56400000.0,-36100000.0,281600000.0,6305200000.0,,50900000.0
BTU,2015-09-30,False,Q3,2015,10-Q,1418900000.0,-20400000.0,-304700000.0,-16.73,-16.73,0.0,11663400000.0,1553600000.0,1516200000.0,334300000.0,1310400000.0,-90600000.0,-146300000.0,273200000.0,6301900000.0,,76900000.0
BTU,2015-12-31,False,FY,2015,10-K,5609200000.0,-1464800000.0,-1996000000.0,-109.98,-109.98,0.075,11021300000.0,1378000000.0,7392300000.0,261300000.0,918500000.0,-14400000.0,-290000000.0,267700000.0,6315600000.0,,126800000.0
BTU,2017-03-31,False,Q1,2017,10-Q,1326200000.0,198100000.0,121100000.0,6.6,6.57,0.0,12836500000.0,3206200000.0,986200000.0,1068100000.0,494900000.0,238400000.0,15100000.0,-57700000.0,8737000000.0,,32800000.0
BTU,2016-09-30,False,Q3,2016,10-Q,1207100000.0,-21600000.0,-135500000.0,-7.41,-7.41,0.0,12235200000.0,2245800000.0,1348500000.0,1167800000.0,523900000.0,236700000.0,-199700000.0,1383000000.0,8094700000.0,,56600000.0
BTU,2016-06-30,False,Q2,2016,10-Q,1040200000.0,-107700000.0,-235500000.0,-12.87,-12.87,0.0,12065200000.0,2381900000.0,1256300000.0,1274300000.0,620500000.0,81700000.0,65700000.0,443800000.0,7905800000.0,,38100000.0
BTU,2016-03-31,False,Q1,2016,10-Q,1027200000.0,-102700000.0,-165100000.0,-9.03,-9.03,0.0,11495000000.0,1952100000.0,8124400000.0,745600000.0,811300000.0,-439000000.0,-12900000.0,936200000.0,7187200000.0,,13300000.0
BTU,2016-12-31,False,FY,2016,10-K,4715300000.0,-276900000.0,-739800000.0,-40.45,-40.45,0.0,11777700000.0,2090600000.0,1011800000.0,872300000.0,337800000.0,-52800000.0,-244100000.0,907900000.0,7791400000.0,,126600000.0
BTU,2017-09-30,False,Q3,2017,10-Q,1477200000.0,202900000.0,150700000.0,1.48,1.47,0.0,8073400000.0,1942600000.0,1113100000.0,925000000.0,3390600000.0,330300000.0,-34900000.0,-424100000.0,1659100000.0,,
BTU,2017-03-31,True,Q1,2017,10-Q,1326200000.0,198100000.0,114400000.0,6.24,6.21,0.0,12836500000.0,3206200000.0,986200000.0,1068100000.0,331900000.0,238400000.0,15100000.0,-57700000.0,8737000000.0,,32800000.0
BTU,2018-06-30,False,Q2,2018,10-Q,1309400000.0,165300000.0,113700000.0,0.91,0.9,0.115,7795700000.0,2468400000.0,1083900000.0,1451700000.0,3545300000.0,915400000.0,-18000000.0,-489700000.0,1403000000.0,,
BTU,2018-03-31,False,Q1,2018,10-Q,1462700000.0,239200000.0,100700000.0,0.83,0.82,0.115,8014600000.0,2577500000.0,1146500000.0,1416600000.0,3650500000.0,579700000.0,-6400000.0,-205100000.0,1455200000.0,,
BTU,2016-12-31,True,FY,2016,10-K,4715300000.0,-276900000.0,-729300000.0,-39.87,-39.87,0.0,11777700000.0,2090600000.0,1011800000.0,872300000.0,181500000.0,-52800000.0,-244100000.0,907900000.0,7791400000.0,,126600000.0
BTU,2018-09-30,False,Q3,2018,10-Q,1412600000.0,130300000.0,71500000.0,0.6,0.59,0.125,7520700000.0,2306900000.0,1124200000.0,1371000000.0,3288600000.0,1260800000.0,-65500000.0,-863100000.0,1376200000.0,,
BTU,2017-06-30,False,Q2,2017,10-Q,1258300000.0,146000000.0,-20200000.0,-0.21,-0.21,0.0,8315200000.0,1978100000.0,1337200000.0,1095700000.0,3231700000.0,90700000.0,-18500000.0,-30200000.0,1957100000.0,,
BTU,2017-12-31,False,FY,2017,10-K,,,,,,0.0,8181200000.0,2190000000.0,1244900000.0,1012100000.0,3655800000.0,797200000.0,-93400000.0,-745400000.0,1460800000.0,,166600000.0
