symbol,end_date,amend,period_focus,fiscal_year,doc_type,revenues,op_income,net_income,eps_basic,eps_diluted,dividend,assets,cur_assets,cur_liab,cash,equity,cash_flow_op,cash_flow_inv,cash_flow_fin,debt,goodwill,cap_ex
CAH,2010-03-31,False,Q3,2010,10-Q,24342800000.0,366300000.0,222400000.0,0.62,0.61,0.175,21270200000.0,16077300000.0,12747400000.0,2638800000.0,5360900000.0,1809900000.0,105600000.0,-498300000.0,,,141800000.0
CAH,2011-03-31,False,Q3,2011,10-Q,26071400000.0,447300000.0,246000000.0,0.71,0.7,0.0,23196800000.0,16685400000.0,13761100000.0,1961800000.0,5656800000.0,1274800000.0,-1927800000.0,-140500000.0,2475800000.0,3851500000.0,186000000.0
CAH,2009-12-31,False,Q2,2010,10-Q,24919700000.0,366800000.0,234500000.0,0.65,0.65,0.175,20821500000.0,15458300000.0,12203000000.0,1746800000.0,5226100000.0,930600000.0,17500000.0,-422900000.0,,,79900000.0
CAH,2018-12-31,False,Q2,2019,10-Q,37740000000.0,504000000.0,280000000.0,0.94,0.93,0.4763,40462000000.0,25091000000.0,23824000000.0,2182000000.0,6043000000.0,736000000.0,595000000.0,-908000000.0,9049000000.0,8317000000.0,116000000.0
CAH,2010-12-31,False,Q2,2011,10-Q,25371800000.0,343900000.0,215400000.0,0.62,0.61,0.0,22849700000.0,16277000000.0,13631100000.0,1348000000.0,5421400000.0,360800000.0,-1853400000.0,85300000.0,2670100000.0,3824100000.0,126100000.0
CAH,2010-09-30,False,Q1,2011,10-Q,24437500000.0,363900000.0,294800000.0,0.84,0.84,0.0,20972500000.0,15918200000.0,12451600000.0,2712200000.0,5239000000.0,217000000.0,84100000.0,-344200000.0,,2611800000.0,62000000.0
CAH,2011-09-30,False,Q1,2012,10-Q,26792000000.0,412300000.0,236800000.0,0.69,0.68,0.215,23183000000.0,16723200000.0,13796600000.0,2010600000.0,5713900000.0,504200000.0,-41600000.0,-381300000.0,,3853900000.0,44300000.0
CAH,2012-03-31,False,Q3,2012,10-Q,26917500000.0,526600000.0,333400000.0,0.96,0.95,0.215,24642100000.0,18070200000.0,14846100000.0,2410400000.0,6240100000.0,1282900000.0,-266100000.0,-535700000.0,,3966300000.0,159000000.0
CAH,2011-12-31,False,Q2,2012,10-Q,27078000000.0,449300000.0,262000000.0,0.76,0.75,0.215,24263200000.0,17779100000.0,14623700000.0,1797700000.0,5927700000.0,389700000.0,-84100000.0,-437200000.0,,3866500000.0,101300000.0
CAH,2010-06-30,False,FY,2010,10-K,98502800000.0,1306900000.0,642200000.0,1.79,1.77,0.7,19990200000.0,14918900000.0,11537600000.0,2755300000.0,5276100000.0,2134100000.0,127100000.0,-727500000.0,2129300000.0,2205400000.0,
CAH,2013-03-31,False,Q3,2013,10-Q,24552000000.0,475000000.0,345000000.0,1.01,1.0,0.275,26723000000.0,17927000000.0,14474000000.0,2305000000.0,6830000000.0,1427000000.0,-2257000000.0,861000000.0,4160000000.0,5407000000.0,103000000.0
CAH,2012-09-30,False,Q1,2013,10-Q,25889000000.0,457000000.0,271000000.0,0.8,0.79,0.2375,24820000000.0,18007000000.0,14669000000.0,2440000000.0,6281000000.0,568000000.0,-103000000.0,-299000000.0,,4012000000.0,26000000.0
CAH,2012-06-30,False,FY,2012,10-K,107552000000.0,1792000000.0,1069000000.0,3.1,3.06,0.86,24260000000.0,17510000000.0,14174000000.0,2274000000.0,6244000000.0,1176000000.0,-377000000.0,-454000000.0,2894000000.0,3978000000.0,263000000.0
CAH,2011-06-30,False,FY,2011,10-K,102644200000.0,1514000000.0,959000000.0,2.75,2.72,0.78,22845900000.0,16315900000.0,13369500000.0,1929300000.0,5848600000.0,1394600000.0,-2028000000.0,-192600000.0,2502000000.0,3845600000.0,291300000.0
CAH,2012-12-31,False,Q2,2013,10-Q,25232000000.0,506000000.0,303000000.0,0.89,0.88,0.275,24642000000.0,17861000000.0,14202000000.0,2255000000.0,6542000000.0,438000000.0,-117000000.0,-340000000.0,2897000000.0,4018000000.0,62000000.0
CAH,2013-12-31,False,Q2,2014,10-Q,22240000000.0,519000000.0,278000000.0,0.81,0.8,0.3025,25009000000.0,17248000000.0,13362000000.0,2741000000.0,6589000000.0,988000000.0,-140000000.0,-8000000.0,3934000000.0,4635000000.0,90000000.0
CAH,2009-09-30,False,Q1,2010,10-Q,24780700000.0,239900000.0,-38200000.0,-0.11,-0.11,0.175,20434700000.0,15089000000.0,12146700000.0,1584800000.0,4941200000.0,406000000.0,-74100000.0,31300000.0,,,37000000.0
CAH,2013-09-30,False,Q1,2014,10-Q,24523000000.0,471000000.0,339000000.0,1.0,0.99,0.3025,23816000000.0,16037000000.0,12507000000.0,2753000000.0,6297000000.0,951000000.0,-51000000.0,-48000000.0,3883000000.0,4619000000.0,26000000.0
CAH,2014-03-31,False,Q3,2014,10-Q,21427000000.0,508000000.0,315000000.0,0.92,0.91,0.3025,24701000000.0,16936000000.0,13147000000.0,3041000000.0,6532000000.0,1808000000.0,-286000000.0,-382000000.0,3920000000.0,4682000000.0,138000000.0
CAH,2014-09-30,False,Q1,2015,10-Q,24070000000.0,466000000.0,266000000.0,0.79,0.78,0.3425,25711000000.0,17538000000.0,14896000000.0,2469000000.0,6256000000.0,61000000.0,-81000000.0,-376000000.0,4007000000.0,4935000000.0,36000000.0
CAH,2013-06-30,False,FY,2013,10-K,101093000000.0,996000000.0,334000000.0,0.98,0.97,1.025,25819000000.0,17770000000.0,14590000000.0,1901000000.0,5975000000.0,1727000000.0,-2375000000.0,275000000.0,3854000000.0,4601000000.0,195000000.0
CAH,2015-03-31,False,Q3,2015,10-Q,25375000000.0,591000000.0,365000000.0,1.1,1.09,0.3425,27888000000.0,19631000000.0,16395000000.0,3183000000.0,6369000000.0,1672000000.0,-386000000.0,-968000000.0,4003000000.0,5055000000.0,139000000.0
CAH,2014-12-31,False,Q2,2015,10-Q,25537000000.0,546000000.0,289000000.0,0.87,0.86,0.3425,27248000000.0,19155000000.0,16030000000.0,2881000000.0,6100000000.0,1014000000.0,-100000000.0,-898000000.0,3976000000.0,4929000000.0,83000000.0
CAH,2015-06-30,False,FY,2015,10-K,102531000000.0,2161000000.0,1215000000.0,3.66,3.62,1.37,30142000000.0,21752000000.0,17243000000.0,4616000000.0,6256000000.0,2540000000.0,-849000000.0,60000000.0,5492000000.0,5070000000.0,300000000.0
CAH,2014-06-30,False,FY,2014,10-K,91084000000.0,1885000000.0,1166000000.0,3.42,3.38,1.21,26033000000.0,17939000000.0,15115000000.0,2865000000.0,6401000000.0,2524000000.0,-850000000.0,-710000000.0,3972000000.0,4878000000.0,249000000.0
CAH,2016-09-30,False,Q1,2017,10-Q,32039000000.0,535000000.0,309000000.0,0.97,,0.4489,34406000000.0,22283000000.0,20001000000.0,2001000000.0,6531000000.0,104000000.0,-110000000.0,-350000000.0,5532000000.0,7261000000.0,100000000.0
CAH,2015-09-30,False,Q1,2016,10-Q,28055000000.0,620000000.0,383000000.0,1.17,1.15,0.387,31222000000.0,21218000000.0,17782000000.0,2974000000.0,6527000000.0,-52000000.0,-1478000000.0,-112000000.0,5550000000.0,6159000000.0,83000000.0
CAH,2015-12-31,False,Q2,2016,10-Q,31445000000.0,563000000.0,326000000.0,0.99,0.98,0.387,33507000000.0,21829000000.0,18879000000.0,2324000000.0,6728000000.0,1411000000.0,-3471000000.0,-222000000.0,5525000000.0,6799000000.0,175000000.0
CAH,2017-09-30,False,Q1,2018,10-Q,32641000000.0,262000000.0,115000000.0,0.36,,0.4624,41940000000.0,23725000000.0,22407000000.0,1181000000.0,6695000000.0,1181000000.0,-6144000000.0,-744000000.0,10003000000.0,10419000000.0,67000000.0
CAH,2016-03-31,False,Q3,2016,10-Q,30662000000.0,656000000.0,386000000.0,1.18,1.17,0.387,34055000000.0,22291000000.0,19385000000.0,2598000000.0,6730000000.0,2330000000.0,-3681000000.0,-660000000.0,5546000000.0,6888000000.0,284000000.0
CAH,2017-06-30,False,FY,2017,10-K,129976000000.0,2120000000.0,1294000000.0,4.06,4.03,1.8,40112000000.0,28345000000.0,21221000000.0,6879000000.0,6828000000.0,1184000000.0,-405000000.0,3746000000.0,10395000000.0,7221000000.0,387000000.0
CAH,2017-12-31,False,Q2,2018,10-Q,35186000000.0,399000000.0,1053000000.0,3.35,,0.4624,42905000000.0,25188000000.0,23125000000.0,1249000000.0,7619000000.0,1460000000.0,-6249000000.0,-830000000.0,9759000000.0,10045000000.0,168000000.0
CAH,2017-03-31,False,Q3,2017,10-Q,31821000000.0,605000000.0,381000000.0,1.21,,0.4489,34174000000.0,22283000000.0,19796000000.0,1368000000.0,6665000000.0,460000000.0,-429000000.0,-1014000000.0,5461000000.0,7209000000.0,293000000.0
CAH,2018-03-31,False,Q3,2018,10-Q,33633000000.0,546000000.0,255000000.0,0.81,,0.4624,41031000000.0,23513000000.0,21427000000.0,2175000000.0,7538000000.0,2214000000.0,-5468000000.0,-1467000000.0,9578000000.0,10098000000.0,246000000.0
CAH,2016-12-31,False,Q2,2017,10-Q,33150000000.0,542000000.0,324000000.0,1.02,,0.4489,35021000000.0,23153000000.0,21014000000.0,1881000000.0,6341000000.0,658000000.0,-237000000.0,-886000000.0,5462000000.0,7212000000.0,213000000.0
CAH,2016-06-30,False,FY,2016,10-K,121546000000.0,2459000000.0,1427000000.0,4.36,4.32,1.55,34122000000.0,21956000000.0,19701000000.0,2356000000.0,6571000000.0,2971000000.0,-4080000000.0,-1139000000.0,5539000000.0,7167000000.0,465000000.0
CAH,2018-09-30,False,Q1,2019,10-Q,35213000000.0,816000000.0,593000000.0,1.95,,0.4763,40011000000.0,24445000000.0,23057000000.0,2045000000.0,5913000000.0,365000000.0,679000000.0,-764000000.0,9001000000.0,8319000000.0,58000000.0
CAH,2018-06-30,False,FY,2018,10-K,136809000000.0,126000000.0,256000000.0,0.82,0.81,1.85,39951000000.0,24553000000.0,22893000000.0,1763000000.0,6059000000.0,2768000000.0,-5608000000.0,-2276000000.0,9013000000.0,8316000000.0,384000000.0
