symbol,end_date,amend,period_focus,fiscal_year,doc_type,revenues,op_income,net_income,eps_basic,eps_diluted,dividend,assets,cur_assets,cur_liab,cash,equity,cash_flow_op,cash_flow_inv,cash_flow_fin,debt,goodwill,cap_ex
CALM,2011-08-27,False,Q1,2012,10-Q,243842000.0,5957000.0,3117000.0,0.13,0.13,0.0,647123000.0,368098000.0,112381000.0,82544000.0,421572000.0,6291000.0,23568000.0,-4994000.0,,22117000.0,5005000.0
CALM,2011-11-26,False,Q2,2012,10-Q,290369000.0,35673000.0,23260000.0,0.97,0.97,0.0,688723000.0,409110000.0,141179000.0,90607000.0,436846000.0,41232000.0,1467000.0,-9771000.0,,22117000.0,12475000.0
CALM,2012-02-25,False,Q3,2012,10-Q,303660000.0,34939000.0,26102000.0,1.09,1.09,0.0,695397000.0,417059000.0,134067000.0,80739000.0,453633000.0,84879000.0,-41655000.0,-20164000.0,,22117000.0,19060000.0
CALM,2012-09-01,False,Q1,2013,10-Q,272928000.0,15597000.0,9415000.0,0.39,0.39,0.131,712953000.0,418079000.0,122509000.0,30616000.0,485951000.0,-17805000.0,-33542000.0,-15165000.0,73494000.0,22117000.0,7445000.0
CALM,2013-08-31,False,Q1,2014,10-Q,319528000.0,11070000.0,8756000.0,0.36,0.36,0.068,726320000.0,398825000.0,105395000.0,22423000.0,525666000.0,-8366000.0,8312000.0,-2507000.0,62293000.0,24417000.0,11455000.0
CALM,2012-12-01,False,Q2,2013,10-Q,328870000.0,20366000.0,14290000.0,0.6,0.6,0.199,743989000.0,408831000.0,141204000.0,56062000.0,500397000.0,8753000.0,-28498000.0,-21321000.0,70472000.0,30017000.0,14907000.0
CALM,2012-06-02,False,FY,2012,10-K,1113116000.0,88652000.0,89735000.0,3.76,3.75,0.0,726316000.0,442202000.0,140656000.0,97128000.0,479328000.0,98058000.0,-27049000.0,-31560000.0,,22117000.0,26845000.0
CALM,2013-03-02,False,Q3,2013,10-Q,360373000.0,30911000.0,30551000.0,1.27,1.27,0.423,754690000.0,420523000.0,131521000.0,37391000.0,521325000.0,42600000.0,-73886000.0,-28451000.0,67746000.0,30017000.0,19121000.0
CALM,2013-06-01,False,FY,2013,10-K,1288104000.0,59593000.0,50423000.0,2.1,2.1,0.0,745627000.0,414881000.0,130195000.0,24984000.0,518044000.0,57538000.0,-88338000.0,-41344000.0,65020000.0,24417000.0,26290000.0
CALM,2014-03-01,False,Q3,2014,10-Q,395522000.0,46596000.0,42853000.0,1.78,1.77,0.591,797077000.0,439909000.0,128698000.0,15387000.0,572855000.0,70857000.0,-62525000.0,-17929000.0,63961000.0,28298000.0,40927000.0
CALM,2016-11-26,False,Q2,2017,10-Q,253544000.0,-38043000.0,-23010000.0,-0.48,-0.48,0.0,1062643000.0,484727000.0,82515000.0,17491000.0,864917000.0,-70189000.0,61827000.0,-3193000.0,22510000.0,32492000.0,40649000.0
CALM,2014-05-31,False,FY,2014,10-K,1440907000.0,146052000.0,109207000.0,4.54,4.52,0.0,811661000.0,445393000.0,121101000.0,14521000.0,594745000.0,123920000.0,-99383000.0,-35000000.0,61093000.0,29196000.0,59188000.0
CALM,2015-02-28,False,Q3,2015,10-Q,437556000.0,72025000.0,50882000.0,1.06,1.05,0.35,900749000.0,493816000.0,135887000.0,13034000.0,672926000.0,136354000.0,-97296000.0,-40545000.0,53367000.0,29196000.0,62109000.0
CALM,2016-08-27,False,Q1,2017,10-Q,239845000.0,-49825000.0,-30936000.0,-0.64,-0.64,0.0,1075972000.0,573953000.0,75138000.0,37646000.0,887427000.0,-45447000.0,55690000.0,-1643000.0,24040000.0,29196000.0,23895000.0
CALM,2014-11-29,False,Q2,2015,10-Q,378617000.0,55597000.0,36603000.0,0.76,0.76,0.252,868588000.0,470826000.0,140749000.0,9884000.0,638656000.0,68069000.0,-47192000.0,-25514000.0,55892000.0,29196000.0,43035000.0
CALM,2014-08-30,False,Q1,2015,10-Q,356944000.0,41163000.0,27655000.0,1.15,1.14,0.381,829358000.0,449607000.0,122875000.0,14552000.0,613796000.0,37957000.0,-24486000.0,-13440000.0,58468000.0,29196000.0,20524000.0
CALM,2015-11-28,False,Q2,2016,10-Q,545975000.0,166159000.0,109230000.0,2.27,2.26,0.751,1192307000.0,739546000.0,244670000.0,15030000.0,875147000.0,300452000.0,-208404000.0,-85685000.0,28770000.0,29196000.0,34028000.0
CALM,2015-05-30,False,FY,2015,10-K,1576128000.0,235335000.0,161254000.0,3.35,3.33,0.0,928653000.0,508964000.0,131937000.0,8667000.0,704562000.0,195330000.0,-141632000.0,-59552000.0,50860000.0,29196000.0,82263000.0
CALM,2017-09-02,False,Q1,2018,10-Q,262845000.0,-24378000.0,-15993000.0,-0.33,-0.33,0.0,1011028000.0,420546000.0,63069000.0,18943000.0,829465000.0,-21487000.0,23816000.0,-950000.0,,35525000.0,6517000.0
CALM,2013-11-30,False,Q2,2014,10-Q,354275000.0,40858000.0,26106000.0,1.09,1.08,0.361,752885000.0,417626000.0,116546000.0,11058000.0,543524000.0,9469000.0,-16326000.0,-7069000.0,59367000.0,24417000.0,27769000.0
CALM,2016-02-27,False,Q3,2016,10-Q,449760000.0,85771000.0,64164000.0,1.33,1.33,0.441,1124232000.0,654268000.0,127627000.0,8139000.0,916016000.0,332720000.0,-207363000.0,-125885000.0,27240000.0,29196000.0,55119000.0
CALM,2018-03-03,False,Q3,2018,10-Q,435820000.0,76202000.0,96294000.0,1.99,1.99,0.0,1143683000.0,572527000.0,180747000.0,106178000.0,899659000.0,146086000.0,-52961000.0,-4511000.0,,35525000.0,13639000.0
CALM,2015-08-29,False,Q1,2016,10-Q,609895000.0,220108000.0,143023000.0,2.97,2.95,0.983,1136166000.0,693716000.0,249618000.0,69368000.0,801532000.0,154115000.0,-69714000.0,-23700000.0,42550000.0,29196000.0,15266000.0
CALM,2016-05-28,False,FY,2016,10-K,1908650000.0,470314000.0,316041000.0,6.56,6.53,0.0,1111765000.0,626283000.0,83451000.0,29046000.0,917361000.0,381838000.0,-212549000.0,-148910000.0,25570000.0,29196000.0,76125000.0
CALM,2017-06-03,False,FY,2017,10-K,1074513000.0,-132094000.0,-74278000.0,-1.54,-1.54,0.0,1033094000.0,436206000.0,64679000.0,17564000.0,844493000.0,-49316000.0,56132000.0,-18298000.0,10939000.0,35525000.0,66657000.0
CALM,2018-06-02,False,FY,2018,10-K,1502932000.0,102675000.0,51279000.0,2.6,2.6,351.0,1150447000.0,587520000.0,107838000.0,48431000.0,955682000.0,200415000.0,-163850000.0,-5698000.0,6090000.0,35525000.0,19671000.0
CALM,2017-12-02,False,Q2,2018,10-Q,361172000.0,-40464000.0,-26136000.0,-0.54,-0.54,0.0,1066131000.0,486187000.0,174949000.0,19808000.0,803954000.0,64842000.0,-60433000.0,-2165000.0,,35525000.0,10171000.0
CALM,2017-02-25,False,Q3,2017,10-Q,306540000.0,-4573000.0,4139000.0,0.09,0.09,0.0,1085275000.0,484801000.0,92577000.0,31905000.0,868362000.0,-57217000.0,66562000.0,-6486000.0,,35432000.0,54862000.0
CALM,2018-09-01,False,Q1,2019,10-Q,340583000.0,12677000.0,12405000.0,0.26,0.26,0.085,1152095000.0,591220000.0,100614000.0,49024000.0,965564000.0,21182000.0,-2191000.0,-18398000.0,,35525000.0,9199000.0
