symbol,end_date,amend,period_focus,fiscal_year,doc_type,revenues,op_income,net_income,eps_basic,eps_diluted,dividend,assets,cur_assets,cur_liab,cash,equity,cash_flow_op,cash_flow_inv,cash_flow_fin,debt,goodwill,cap_ex
LGP,2012-09-30,False,Q3,2012,10-Q,440609000.0,,-450000.0,,,0.0,0.0,52947000.0,71864000.0,926000.0,,6368000.0,2923000.0,-10447000.0,165005000.0,4487000.0,1264000.0
CAPL,2018-12-31,False,FY,2018,10-K,2445917000.0,35012000.0,5251000.0,0.11,0.11,0.0,866922000.0,50862000.0,88448000.0,3191000.0,,89752000.0,-6780000.0,-83678000.0,520631000.0,88764000.0,13717000.0
LGP,2013-03-31,False,Q1,2013,10-Q,471438000.0,7085000.0,3757000.0,0.25,0.25,0.0,319530000.0,28913000.0,34185000.0,8000.0,,275000.0,-227000.0,-4808000.0,,5636000.0,83000.0
LGP,2014-03-31,False,Q1,2014,10-Q,482021000.0,5486000.0,1428000.0,0.07,0.07,0.0,396831000.0,37735000.0,38131000.0,1352000.0,,779000.0,-2710000.0,-832000.0,186104000.0,9324000.0,2747000.0
LGP,2013-06-30,False,Q2,2013,10-Q,487688000.0,8614000.0,5469000.0,0.363,0.363,0.0,317789000.0,27745000.0,38350000.0,463000.0,,14125000.0,-1887000.0,-16543000.0,,5636000.0,4129000.0
CAPL,2014-09-30,False,Q3,2014,10-Q,832742000.0,8430000.0,4155000.0,0.21,0.21,0.0,548401000.0,82179000.0,94226000.0,3269000.0,,8431000.0,-106396000.0,97119000.0,172747000.0,29716000.0,8797000.0
LGP,2013-12-31,False,FY,2013,10-K,1934383000.0,28501000.0,18070000.0,1.18,1.18,0.0,391621000.0,35496000.0,38857000.0,4115000.0,,29622000.0,-47019000.0,16744000.0,173560000.0,9324000.0,6959000.0
LGP,2013-09-30,False,Q3,2013,10-Q,490112000.0,6995000.0,4924000.0,0.327,0.327,0.0,370704000.0,23623000.0,36754000.0,182000.0,,27257000.0,-33415000.0,1572000.0,243293000.0,8407000.0,5249000.0
LGP,2012-12-31,False,FY,2012,10-K,,,-1356000.0,-0.09,-0.09,0.0,315810000.0,20933000.0,30112000.0,4768000.0,,3249000.0,-72069000.0,73588000.0,183751000.0,5636000.0,260000.0
LGP,2014-06-30,False,Q2,2014,10-Q,767191000.0,1574000.0,1892000.0,0.1,0.1,0.0,557320000.0,88622000.0,79340000.0,864000.0,,2477000.0,-104263000.0,98535000.0,299733000.0,29116000.0,5703000.0
CAPL,2017-03-31,False,Q1,2017,10-Q,469286000.0,5580000.0,1697000.0,0.02,0.02,0.0,917344000.0,60723000.0,71435000.0,5758000.0,,21772000.0,-2111000.0,-15253000.0,475944000.0,89109000.0,2517000.0
CAPL,2015-03-31,False,Q1,2015,10-Q,484647000.0,-433000.0,-2971000.0,-0.13,-0.13,0.0,743911000.0,75961000.0,87777000.0,4863000.0,,10906000.0,-125748000.0,104535000.0,916000.0,86029000.0,520000.0
CAPL,2015-09-30,False,Q3,2015,10-Q,625566000.0,14830000.0,10184000.0,0.29,0.29,0.0,882785000.0,70646000.0,86218000.0,1860000.0,,48900000.0,-310941000.0,248731000.0,890000.0,80187000.0,1035000.0
CAPL,2016-09-30,False,Q3,2016,10-Q,487950000.0,9993000.0,2992000.0,0.06,0.06,0.0,933946000.0,62349000.0,71351000.0,2897000.0,,63698000.0,-90288000.0,28295000.0,510276000.0,89109000.0,11567000.0
CAPL,2016-06-30,False,Q2,2016,10-Q,512644000.0,9356000.0,3630000.0,0.08,0.08,0.0,897462000.0,62439000.0,70370000.0,3255000.0,,37041000.0,-60484000.0,25506000.0,486519000.0,89109000.0,5524000.0
CAPL,2016-03-31,False,Q1,2016,10-Q,367740000.0,5921000.0,1769000.0,0.03,0.03,0.0,902131000.0,57136000.0,69167000.0,1975000.0,,18569000.0,-58595000.0,40809000.0,501180000.0,88183000.0,3498000.0
CAPL,2015-12-31,False,FY,2015,10-K,2214835000.0,26017000.0,11462000.0,0.35,0.35,0.0,853094000.0,49769000.0,67458000.0,1192000.0,,64487000.0,-311518000.0,233053000.0,876000.0,80821000.0,1318000.0
CAPL,2016-12-31,False,FY,2016,10-K,1869806000.0,32171000.0,10715000.0,0.22,0.22,0.0,931989000.0,65407000.0,75133000.0,1350000.0,,79440000.0,-96906000.0,17624000.0,468677000.0,89109000.0,20776000.0
CAPL,2015-06-30,False,Q2,2015,10-Q,647448000.0,3674000.0,28000.0,-0.01,-0.01,0.0,737778000.0,75076000.0,85988000.0,4590000.0,,16461000.0,-126171000.0,99130000.0,903000.0,83084000.0,827000.0
CAPL,2014-12-31,False,FY,2014,10-K,2669317000.0,8640000.0,-6162000.0,-0.32,-0.32,0.0,604646000.0,76124000.0,94033000.0,15170000.0,,28531000.0,-156150000.0,138674000.0,227579000.0,40328000.0,13972000.0
CAPL,2018-09-30,False,Q3,2018,10-Q,670810000.0,13652000.0,5308000.0,0.15,0.15,0.0,898483000.0,67396000.0,94744000.0,3791000.0,,57270000.0,-4941000.0,-52435000.0,516500000.0,88764000.0,10217000.0
CAPL,2017-06-30,False,Q2,2017,10-Q,528789000.0,2718000.0,-3993000.0,-0.15,-0.15,0.0,905659000.0,61945000.0,84336000.0,3429000.0,,49387000.0,-7435000.0,-39873000.0,794000.0,89109000.0,8179000.0
CAPL,2018-03-31,False,Q1,2018,10-Q,554570000.0,7424000.0,-805000.0,-0.06,-0.06,0.0,929354000.0,75166000.0,92708000.0,1680000.0,,18140000.0,-2007000.0,-18350000.0,750000.0,89109000.0,2097000.0
CAPL,2017-12-31,False,FY,2017,10-K,2094827000.0,32419000.0,23158000.0,0.56,0.56,0.0,947236000.0,80506000.0,93473000.0,3897000.0,,88960000.0,-60113000.0,-26300000.0,531069000.0,89109000.0,12488000.0
CAPL,2017-09-30,False,Q3,2017,10-Q,544092000.0,12284000.0,4333000.0,0.09,0.09,0.0,877489000.0,62174000.0,88249000.0,1566000.0,,66438000.0,11291000.0,-77513000.0,779000.0,89109000.0,10175000.0
CAPL,2018-06-30,False,Q2,2018,10-Q,673295000.0,-1568000.0,-6935000.0,-0.21,-0.21,0.0,920376000.0,80245000.0,103812000.0,2475000.0,,37229000.0,-5987000.0,-32664000.0,736000.0,88764000.0,6250000.0
