symbol,end_date,amend,period_focus,fiscal_year,doc_type,revenues,op_income,net_income,eps_basic,eps_diluted,dividend,assets,cur_assets,cur_liab,cash,equity,cash_flow_op,cash_flow_inv,cash_flow_fin,debt,goodwill,cap_ex
NLTX,2011-09-30,False,Q3,2011,10-Q,813000.0,-1156364.0,-1144073.0,-0.03,-0.03,0.0,3090813.0,3027989.0,717817.0,2607336.0,2372996.0,-3080632.0,-471959.0,34215114.0,,,128868.0
CAPR,2018-09-30,False,Q3,2018,10-Q,219247.0,-4171932.0,-4136140.0,-0.14,-0.14,0.0,12232816.0,11392646.0,1876135.0,4377797.0,6980422.0,-10091225.0,1667186.0,6341417.0,3376259.0,,332081.0
NLTX,2012-03-31,False,Q1,2012,10-Q,195500.0,-769873.0,-771879.0,-0.02,-0.02,0.0,716006.0,656117.0,485347.0,435730.0,230659.0,-603460.0,-473946.0,34217615.0,,,130855.0
NLTX,2012-12-31,False,FY,2012,10-K,195500.0,-2440140.0,-1893037.0,-0.04,-0.04,0.0,227054.0,171628.0,330983.0,46716.0,-167313.0,-2186681.0,0.0,1194207.0,,,130855.0
NLTX,2011-12-31,False,FY,2011,10-K,1354500.0,-4899180.0,-4884786.0,-0.13,-0.13,0.0,1372170.0,1310488.0,541447.0,1039190.0,830723.0,-4649292.0,-1987.0,2312314.0,,,130855.0
NLTX,2012-09-30,False,Q3,2012,10-Q,0.0,-576312.0,-566232.0,-0.01,-0.01,0.0,495225.0,438349.0,287143.0,282507.0,27232.0,-1950890.0,0.0,35411822.0,,,130855.0
NLTX,2012-03-31,False,Q1,2012,10-Q,195500.0,-769873.0,-771879.0,-0.02,-0.02,0.0,716006.0,656117.0,485347.0,435730.0,230659.0,-603460.0,-473946.0,34217615.0,,,130855.0
NLTX,2013-09-30,False,Q3,2013,10-Q,0.0,-291965.0,-348453.0,-0.01,-0.01,0.0,114366.0,109003.0,1181927.0,71028.0,-1567554.0,-358188.0,0.0,35794322.0,,,130855.0
CAPR,2014-03-31,False,Q1,2014,10-Q,1041667.0,-1185437.0,-1210611.0,-0.1,-0.1,0.0,15976704.0,14030944.0,6299284.0,12979150.0,-1659440.0,11342994.0,,,3961733.0,,377824.0
NLTX,2013-03-31,False,Q1,2013,10-Q,0.0,-325080.0,-482763.0,-0.01,-0.01,0.0,415308.0,404281.0,649128.0,285032.0,-642662.0,-144184.0,0.0,382500.0,,,130855.0
NLTX,2013-06-30,False,Q2,2013,10-Q,0.0,-421134.0,-597621.0,-0.01,-0.01,0.0,294822.0,289293.0,1015586.0,229205.0,-1232851.0,-200011.0,0.0,35794322.0,,,130855.0
CAPR,2014-06-30,False,Q2,2014,10-Q,1041667.0,-1480421.0,-1533929.0,-0.13,-0.13,0.0,18437454.0,16409568.0,6492261.0,11582186.0,-3084651.0,5326867.0,-163301.0,4689083.0,,,116456.0
NLTX,2011-06-30,False,Q2,2011,10-Q,346000.0,-880235.0,-880530.0,-0.03,-0.03,0.0,3704348.0,3639712.0,436274.0,3259835.0,3268074.0,-2428133.0,-471959.0,34215114.0,,,128868.0
NLTX,2012-06-30,False,Q2,2012,10-Q,,-774420.0,-352934.0,-0.01,-0.01,0.0,1000172.0,941847.0,267055.0,777182.0,542254.0,-1456215.0,-473946.0,35411822.0,,,130855.0
CAPR,2013-12-31,False,FY,2013,10-K,503233.0,-6902900.0,-8891924.0,-0.85,-0.85,0.0,5537907.0,3680840.0,2052922.0,1729537.0,-534882.0,-6144001.0,,,3961733.0,1919000.0,284923.0
CAPR,2015-12-31,False,FY,2015,10-K,5517648.0,-12611826.0,-12857339.0,-0.81,-0.81,0.0,16069572.0,13989857.0,6528668.0,5568306.0,-1031774.0,-10817286.0,-8140852.0,16491679.0,,,129697.0
CAPR,2015-06-30,False,Q2,2015,10-Q,1291466.0,-3061616.0,-3123141.0,-0.19,-0.19,0.0,23690830.0,21642939.0,6863403.0,5038260.0,4555195.0,-3930047.0,-15548063.0,16481605.0,9155857.0,,50760.0
CAPR,2016-09-30,False,Q3,2016,10-Q,746781.0,-5240074.0,-5333413.0,-0.29,-0.29,0.0,24471820.0,22404446.0,6670268.0,18020875.0,49131.0,-11578605.0,5402382.0,18628792.0,3100000.0,,86422.0
CAPR,2014-09-30,False,Q3,2014,10-Q,1301467.0,-1485105.0,-1543986.0,-0.13,-0.13,0.0,16282719.0,14196136.0,6192239.0,9805435.0,-4471965.0,3104902.0,-234394.0,5205390.0,,,146685.0
CAPR,2015-09-30,False,Q3,2015,10-Q,1314884.0,-2850555.0,-2911944.0,-0.18,-0.18,0.0,19882289.0,17713755.0,6534168.0,4218409.0,1925666.0,-7174626.0,-13133409.0,16491679.0,9155857.0,,124383.0
CAPR,2017-03-31,False,Q1,2017,10-Q,880808.0,-3565579.0,-3666617.0,-0.17,-0.17,0.0,14068041.0,13464672.0,3299189.0,2750473.0,-7191794.0,-4675891.0,4000591.0,0.0,3100000.0,,3126.0
CAPR,2016-06-30,False,Q2,2016,10-Q,1129819.0,-4612388.0,-4688848.0,-0.26,-0.26,0.0,13892196.0,11808728.0,6204701.0,8851129.0,-5116177.0,-9064946.0,5416988.0,6930781.0,,,75671.0
CAPR,2016-12-31,False,FY,2016,10-K,3998618.0,-16976518.0,-18806776.0,-1.01,-1.01,0.0,18747355.0,18108340.0,4895183.0,3204378.0,-4003154.0,-15801620.0,-5191100.0,18628792.0,3100000.0,,191970.0
CAPR,2014-12-31,False,FY,2014,10-K,4786700.0,-6017985.0,-6216592.0,-0.53,-0.53,0.0,13632072.0,11607545.0,6299633.0,8034765.0,-6248723.0,958562.0,141043.0,5205623.0,,,186431.0
CAPR,2015-03-31,False,Q1,2015,10-Q,1787902.0,-3414725.0,-3476131.0,-0.23,-0.23,0.0,27471047.0,25420259.0,7545301.0,6939220.0,7324544.0,-2052004.0,-15524758.0,16481217.0,,,27455.0
CAPR,2016-03-31,False,Q1,2016,10-Q,1215089.0,-4210726.0,-4266341.0,-0.26,-0.26,0.0,16984850.0,14889931.0,7340746.0,11766454.0,-1082905.0,-4181253.0,5448620.0,4930781.0,,,45808.0
CAPR,2018-03-31,False,Q1,2018,10-Q,400066.0,-3686183.0,-3671530.0,-0.14,-0.14,0.0,15388422.0,14613165.0,1477899.0,7169262.0,10534264.0,-3417809.0,1811743.0,2512618.0,3376259.0,,186386.0
CAPR,2017-12-31,False,FY,2017,10-K,2666340.0,-12862397.0,2431423.0,0.1,0.09,0.0,16273789.0,15712676.0,1670675.0,6140135.0,11226855.0,-14230879.0,4981621.0,11579792.0,3376259.0,,32185.0
CAPR,2017-06-30,False,Q2,2017,10-Q,996462.0,-3378662.0,-3472137.0,-0.16,-0.16,0.0,14218267.0,13640187.0,16644327.0,8260897.0,-6586376.0,-8373945.0,8979947.0,3931861.0,3100000.0,,15836.0
CAPR,2017-09-30,False,Q3,2017,10-Q,313271.0,-2637733.0,-2734993.0,-0.12,-0.12,0.0,15793539.0,15232420.0,16688054.0,8897087.0,-4270774.0,-11563582.0,7965544.0,8553697.0,3376259.0,,32185.0
CAPR,2018-06-30,False,Q2,2018,10-Q,403960.0,-4163008.0,-4123548.0,-0.14,-0.14,0.0,14327071.0,13541193.0,1320008.0,6339148.0,9630804.0,-7109222.0,1809761.0,5288017.0,3376259.0,,186624.0
