symbol,end_date,amend,period_focus,fiscal_year,doc_type,revenues,op_income,net_income,eps_basic,eps_diluted,dividend,assets,cur_assets,cur_liab,cash,equity,cash_flow_op,cash_flow_inv,cash_flow_fin,debt,goodwill,cap_ex
CAR,2018-12-31,False,FY,2018,10-K,9124000000.0,,2000000.0,2.08,2.06,0.0,19149000000.0,2174000000.0,1716000000.0,615000000.0,414000000.0,2609000000.0,-3426000000.0,667000000.0,3596000000.0,1092000000.0,
CAR,2010-09-30,False,Q3,2010,10-Q,1512000000.0,,90000000.0,,,0.0,10701000000.0,1347000000.0,937000000.0,623000000.0,373000000.0,1338000000.0,-2016000000.0,813000000.0,,76000000.0,
CAR,2011-03-31,False,Q1,2011,10-Q,1235000000.0,,7000000.0,,,0.0,11040000000.0,1681000000.0,911000000.0,913000000.0,438000000.0,277000000.0,-860000000.0,586000000.0,,76000000.0,
CAR,2010-06-30,False,Q2,2010,10-Q,1294000000.0,,26000000.0,,,0.0,11698000000.0,1774000000.0,1372000000.0,458000000.0,225000000.0,660000000.0,-2227000000.0,1548000000.0,,76000000.0,
CAR,2011-12-31,False,FY,2011,10-K,5900000000.0,,-29000000.0,-0.28,-0.28,0.0,12938000000.0,1541000000.0,1470000000.0,534000000.0,412000000.0,1578000000.0,-2373000000.0,424000000.0,3205000000.0,353000000.0,
CAR,2010-12-31,False,FY,2010,10-K,5185000000.0,,54000000.0,,,0.0,10327000000.0,1638000000.0,933000000.0,911000000.0,410000000.0,1640000000.0,-1603000000.0,380000000.0,,76000000.0,
CAR,2011-09-30,False,Q3,2011,10-Q,1623000000.0,,82000000.0,0.78,0.65,0.0,12311000000.0,2156000000.0,1059000000.0,1002000000.0,552000000.0,1272000000.0,-2774000000.0,1609000000.0,2498000000.0,76000000.0,
CAR,2011-06-30,False,Q2,2011,10-Q,1412000000.0,,52000000.0,0.49,0.42,0.0,12441000000.0,1906000000.0,1012000000.0,645000000.0,532000000.0,702000000.0,-2689000000.0,1716000000.0,2498000000.0,76000000.0,
CAR,2012-03-31,False,Q1,2012,10-Q,1623000000.0,,-23000000.0,-0.22,-0.22,0.0,14187000000.0,1721000000.0,1670000000.0,606000000.0,435000000.0,253000000.0,-967000000.0,783000000.0,3301000000.0,359000000.0,
CAR,2012-06-30,False,Q2,2012,10-Q,1866000000.0,,79000000.0,0.74,0.66,0.0,15983000000.0,1766000000.0,1595000000.0,454000000.0,478000000.0,722000000.0,-2965000000.0,2162000000.0,3011000000.0,344000000.0,
CAR,2012-09-30,False,Q3,2012,10-Q,2170000000.0,,280000000.0,2.62,2.38,0.0,16376000000.0,1926000000.0,1657000000.0,554000000.0,791000000.0,1524000000.0,-3012000000.0,1503000000.0,2967000000.0,348000000.0,
CAR,2013-06-30,False,Q2,2013,10-Q,2002000000.0,,-28000000.0,-0.26,-0.26,0.0,18496000000.0,1946000000.0,1822000000.0,503000000.0,646000000.0,874000000.0,-3458000000.0,2498000000.0,3416000000.0,652000000.0,
CAR,2013-03-31,False,Q1,2013,10-Q,1691000000.0,,-46000000.0,-0.43,-0.43,0.0,16557000000.0,1871000000.0,1575000000.0,569000000.0,694000000.0,300000000.0,-1208000000.0,873000000.0,3347000000.0,646000000.0,
CAR,2012-12-31,False,FY,2012,10-K,7357000000.0,,290000000.0,2.72,2.42,0.0,15218000000.0,1710000000.0,1478000000.0,606000000.0,757000000.0,1889000000.0,-2073000000.0,250000000.0,2905000000.0,375000000.0,
CAR,2014-03-31,False,Q1,2014,10-Q,1862000000.0,,4000000.0,0.03,0.03,0.0,17369000000.0,2162000000.0,1867000000.0,841000000.0,703000000.0,390000000.0,-957000000.0,716000000.0,3696000000.0,713000000.0,
CAR,2013-09-30,False,Q3,2013,10-Q,2395000000.0,,118000000.0,1.09,1.02,0.0,17804000000.0,2008000000.0,1861000000.0,589000000.0,804000000.0,1743000000.0,-3218000000.0,1466000000.0,3384000000.0,689000000.0,
CAR,2015-03-31,False,Q1,2014,10-Q,1850000000.0,,-9000000.0,-0.09,-0.09,0.0,17492000000.0,2077000000.0,1733000000.0,854000000.0,521000000.0,503000000.0,-774000000.0,527000000.0,3725000000.0,813000000.0,
CAR,2014-09-30,False,Q3,2014,10-Q,2542000000.0,,192000000.0,1.84,1.74,0.0,18296000000.0,2135000000.0,1767000000.0,713000000.0,732000000.0,2067000000.0,-3553000000.0,1520000000.0,3335000000.0,683000000.0,
CAR,2014-06-30,False,Q2,2014,10-Q,2194000000.0,,26000000.0,0.25,0.24,0.0,19989000000.0,2132000000.0,1725000000.0,537000000.0,667000000.0,1011000000.0,-4068000000.0,2899000000.0,3388000000.0,707000000.0,
CAR,2014-12-31,False,FY,2014,10-K,8485000000.0,,245000000.0,2.32,2.22,0.0,16969000000.0,1838000000.0,1519000000.0,624000000.0,665000000.0,2579000000.0,-2807000000.0,182000000.0,3420000000.0,842000000.0,
CAR,2015-12-31,False,FY,2015,10-K,8502000000.0,,313000000.0,3.02,2.98,0.0,17634000000.0,1627000000.0,1511000000.0,452000000.0,439000000.0,2584000000.0,-2830000000.0,115000000.0,3516000000.0,973000000.0,
CAR,2013-12-31,False,FY,2013,10-K,7937000000.0,,16000000.0,0.15,0.15,0.0,16284000000.0,1944000000.0,1568000000.0,693000000.0,771000000.0,2253000000.0,-2234000000.0,76000000.0,3394000000.0,691000000.0,
CAR,2015-06-30,False,Q2,2015,10-Q,2173000000.0,,143000000.0,1.36,1.34,0.0,20399000000.0,2121000000.0,1729000000.0,529000000.0,596000000.0,1027000000.0,-3717000000.0,2615000000.0,3552000000.0,971000000.0,
CAR,2016-06-30,False,Q2,2016,10-Q,2243000000.0,,36000000.0,0.39,0.38,0.0,20483000000.0,2143000000.0,1771000000.0,527000000.0,339000000.0,1070000000.0,-3081000000.0,2073000000.0,3530000000.0,1004000000.0,
CAR,2015-09-30,False,Q3,2015,10-Q,2577000000.0,,184000000.0,1.8,1.77,0.0,18902000000.0,2118000000.0,1791000000.0,585000000.0,600000000.0,2038000000.0,-3417000000.0,1369000000.0,3532000000.0,964000000.0,
CAR,2017-03-31,False,Q1,2017,10-Q,1839000000.0,,-107000000.0,-1.25,-1.25,0.0,18978000000.0,2292000000.0,2063000000.0,923000000.0,141000000.0,447000000.0,-972000000.0,950000000.0,3980000000.0,1013000000.0,
CAR,2016-09-30,False,Q3,2016,10-Q,2656000000.0,,209000000.0,2.32,2.28,0.0,19475000000.0,2442000000.0,2051000000.0,985000000.0,474000000.0,2101000000.0,-2755000000.0,1173000000.0,3866000000.0,1013000000.0,
CAR,2016-12-31,False,FY,2016,10-K,8659000000.0,,163000000.0,1.78,1.75,0.0,17643000000.0,1817000000.0,1767000000.0,490000000.0,221000000.0,2629000000.0,-2149000000.0,-438000000.0,3576000000.0,1007000000.0,
CAR,2017-06-30,False,Q2,2017,10-Q,2238000000.0,,3000000.0,0.04,0.04,0.0,20832000000.0,2375000000.0,1875000000.0,776000000.0,148000000.0,1139000000.0,-3019000000.0,2139000000.0,3572000000.0,1043000000.0,
CAR,2017-09-30,False,Q3,2017,10-Q,2752000000.0,,245000000.0,2.96,2.91,0.0,19873000000.0,2419000000.0,1892000000.0,814000000.0,401000000.0,2041000000.0,-2924000000.0,1175000000.0,3591000000.0,1065000000.0,
CAR,2017-12-31,False,FY,2017,10-K,8848000000.0,,361000000.0,4.32,4.25,0.0,17699000000.0,2066000000.0,1645000000.0,611000000.0,573000000.0,2648000000.0,-2204000000.0,-308000000.0,3645000000.0,1073000000.0,
CAR,2018-03-31,False,Q1,2018,10-Q,1968000000.0,,-87000000.0,-1.08,-1.08,0.0,19222000000.0,2123000000.0,1803000000.0,544000000.0,455000000.0,503000000.0,-1736000000.0,1024000000.0,3607000000.0,1085000000.0,
CAR,2016-03-31,False,Q1,2016,10-Q,1881000000.0,,-51000000.0,-0.53,-0.53,0.0,19308000000.0,2182000000.0,1901000000.0,876000000.0,371000000.0,463000000.0,-1204000000.0,1147000000.0,3838000000.0,1006000000.0,
CAR,2018-09-30,False,Q3,2018,10-Q,2778000000.0,,213000000.0,2.71,2.68,0.0,19741000000.0,2180000000.0,1908000000.0,605000000.0,521000000.0,2095000000.0,-3677000000.0,1454000000.0,3561000000.0,1064000000.0,
CAR,2018-06-30,False,Q2,2018,10-Q,2328000000.0,,26000000.0,0.33,0.32,0.0,20919000000.0,2223000000.0,1856000000.0,489000000.0,372000000.0,1121000000.0,-3748000000.0,2389000000.0,3568000000.0,1049000000.0,
