symbol,end_date,amend,period_focus,fiscal_year,doc_type,revenues,op_income,net_income,eps_basic,eps_diluted,dividend,assets,cur_assets,cur_liab,cash,equity,cash_flow_op,cash_flow_inv,cash_flow_fin,debt,goodwill,cap_ex
CART,2016-09-30,False,Q3,2016,10-Q,4315000.0,,27000.0,0.01,0.01,0.0,372169000.0,,,31656000.0,31711000.0,2281000.0,-12214000.0,36776000.0,,,
CART,2018-09-30,False,Q3,2018,10-Q,5793000.0,,915000.0,0.13,0.13,0.0,465171000.0,,,35416000.0,48954000.0,3219000.0,-33604000.0,56745000.0,,,
CART,2017-03-31,False,Q1,2017,10-Q,4369000.0,,211000.0,0.05,0.04,0.0,382481000.0,,,25359000.0,29361000.0,364000.0,-8656000.0,7502000.0,,,
CART,2018-03-31,False,Q1,2018,10-Q,4827000.0,,581000.0,0.12,0.12,0.0,446610000.0,,,30498000.0,29379000.0,971000.0,-19270000.0,39741000.0,2993000.0,,
CART,2018-06-30,False,Q2,2018,10-Q,5564000.0,,510000.0,0.08,0.08,0.0,470854000.0,,,49404000.0,48201000.0,1768000.0,-24966000.0,63546000.0,,,
CART,2017-09-30,False,Q3,2017,10-Q,4801000.0,,351000.0,0.08,0.07,0.0,400297000.0,,,13879000.0,29765000.0,2271000.0,-39421000.0,24880000.0,,,
CART,2017-06-30,False,Q2,2017,10-Q,4604000.0,,196000.0,0.04,0.04,0.0,390168000.0,,,18131000.0,29573000.0,1250000.0,-24468000.0,15200000.0,,,
CART,2017-12-31,False,FY,2017,10-K,718000.0,,404000.0,0.09,0.09,0.0,406618000.0,,,9056000.0,29119000.0,3311000.0,-51845000.0,31441000.0,0.0,,
CART,2016-12-31,False,FY,2016,10-K,125000.0,,1119000.0,0.24,0.24,0.0,374917000.0,,,26149000.0,29033000.0,-29000.0,-8800000.0,39366000.0,,,
