symbol,end_date,amend,period_focus,fiscal_year,doc_type,revenues,op_income,net_income,eps_basic,eps_diluted,dividend,assets,cur_assets,cur_liab,cash,equity,cash_flow_op,cash_flow_inv,cash_flow_fin,debt,goodwill,cap_ex
ACE,2011-09-30,False,Q3,2011,10-Q,4294000000.0,,-31000000.0,-0.09,-0.09,0.31,88720000000.0,,,766000000.0,23750000000.0,2998000000.0,-2530000000.0,-478000000.0,3360000000.0,,
ACE,2009-12-31,False,FY,2009,10-K,15075000000.0,,2549000000.0,7.57,7.55,0.0,77980000000.0,,,669000000.0,19667000000.0,3335000000.0,-3224000000.0,-321000000.0,3158000000.0,,
ACE,2011-03-31,False,Q1,2011,10-Q,3808000000.0,,259000000.0,0.77,0.76,0.33,86220000000.0,,,1115000000.0,23376000000.0,1003000000.0,-631000000.0,-37000000.0,3358000000.0,,
ACE,2010-03-31,False,Q1,2010,10-Q,3949000000.0,,755000000.0,2.23,2.22,0.31,79329000000.0,,,726000000.0,20636000000.0,823000000.0,-666000000.0,-93000000.0,3158000000.0,,
ACE,2010-09-30,False,Q3,2010,10-Q,3888000000.0,,675000000.0,1.98,1.97,0.32,82388000000.0,,,487000000.0,22845000000.0,2775000000.0,-2668000000.0,-282000000.0,3158000000.0,,
ACE,2010-06-30,False,Q2,2010,10-Q,3760000000.0,,677000000.0,1.99,1.98,0.34,80160000000.0,,,668000000.0,21410000000.0,1691000000.0,-1467000000.0,-191000000.0,3158000000.0,,
ACE,2010-12-31,False,FY,2010,10-K,16006000000.0,,3108000000.0,9.15,9.11,1.31,83355000000.0,,,772000000.0,22974000000.0,3546000000.0,-4181000000.0,732000000.0,3358000000.0,4030000000.0,
ACE,2012-03-31,False,Q1,2012,10-Q,4185000000.0,,973000000.0,2.87,2.84,0.42,89749000000.0,,,715000000.0,25431000000.0,572000000.0,-615000000.0,139000000.0,3360000000.0,,
CB,2018-12-31,False,FY,2018,10-K,32717000000.0,,3962000000.0,8.55,8.49,2.84,167771000000.0,,,1247000000.0,50312000000.0,256000000.0,-2935000000.0,1217000000.0,12087000000.0,15271000000.0,
ACE,2012-12-31,False,FY,2012,10-K,17936000000.0,,2706000000.0,7.96,7.89,2.06,92545000000.0,,,615000000.0,27531000000.0,3995000000.0,-3439000000.0,-550000000.0,3360000000.0,4319000000.0,
ACE,2013-03-31,False,Q1,2013,10-Q,4310000000.0,,953000000.0,2.8,2.77,0.46,93461000000.0,,,855000000.0,27942000000.0,913000000.0,-1466000000.0,813000000.0,4307000000.0,4909000000.0,
ACE,2012-09-30,False,Q3,2012,10-Q,5138000000.0,,640000000.0,1.88,1.86,0.49,93508000000.0,,,690000000.0,26963000000.0,3025000000.0,-2682000000.0,-271000000.0,3360000000.0,4990000000.0,
ACE,2013-06-30,False,Q2,2013,10-Q,4705000000.0,,891000000.0,2.61,2.59,0.51,93688000000.0,,,679000000.0,27295000000.0,1808000000.0,-2376000000.0,658000000.0,3807000000.0,5395000000.0,
ACE,2011-12-31,False,FY,2011,10-K,16834000000.0,,1585000000.0,4.68,4.65,1.38,87505000000.0,,,614000000.0,24516000000.0,3470000000.0,-3036000000.0,-565000000.0,3360000000.0,4180000000.0,
ACE,2012-06-30,False,Q2,2012,10-Q,3926000000.0,,328000000.0,0.96,0.96,0.48,90701000000.0,,,617000000.0,25762000000.0,1383000000.0,-1250000000.0,-123000000.0,3360000000.0,4826000000.0,
ACE,2011-06-30,False,Q2,2011,10-Q,4253000000.0,,607000000.0,1.79,1.77,0.29,89254000000.0,,,833000000.0,24113000000.0,2063000000.0,-1899000000.0,-115000000.0,3360000000.0,,
ACE,2009-06-30,False,Q2,2009,10-Q,3547000000.0,,535000000.0,1.58,1.58,0.0,75655000000.0,,,654000000.0,16561000000.0,1322000000.0,-1615000000.0,85000000.0,3322000000.0,,
ACE,2009-09-30,False,Q3,2009,10-Q,3681000000.0,,494000000.0,1.46,1.46,0.0,77821000000.0,,,742000000.0,18733000000.0,2332000000.0,-2437000000.0,-30000000.0,3321000000.0,,
ACE,2014-03-31,False,Q1,2014,10-Q,4419000000.0,,734000000.0,2.16,2.14,0.65,95179000000.0,,,847000000.0,29369000000.0,1250000000.0,-503000000.0,-472000000.0,3808000000.0,5382000000.0,
ACE,2014-09-30,False,Q3,2014,10-Q,5200000000.0,,785000000.0,2.35,2.32,0.0,97557000000.0,,,806000000.0,30017000000.0,3222000000.0,-1688000000.0,-1240000000.0,4057000000.0,5425000000.0,
ACE,2014-06-30,False,Q2,2014,10-Q,4815000000.0,,779000000.0,2.3,2.28,0.65,97447000000.0,,,594000000.0,30325000000.0,2096000000.0,-1459000000.0,-625000000.0,4057000000.0,5522000000.0,
ACE,2013-09-30,False,Q3,2013,10-Q,5172000000.0,,916000000.0,2.68,2.66,0.46,94584000000.0,,,768000000.0,28218000000.0,2736000000.0,-3139000000.0,552000000.0,3807000000.0,5465000000.0,
ACE,2013-12-31,False,FY,2013,10-K,19261000000.0,,3758000000.0,11.02,10.92,2.02,94510000000.0,,,579000000.0,28825000000.0,4022000000.0,-4442000000.0,391000000.0,3807000000.0,4603000000.0,
ACE,2014-12-31,False,FY,2014,10-K,19171000000.0,,2853000000.0,8.5,8.42,2.47,98248000000.0,,,655000000.0,29587000000.0,4496000000.0,-2504000000.0,-1777000000.0,3357000000.0,4904000000.0,
ACE,2015-09-30,False,Q3,2015,10-Q,4871000000.0,,528000000.0,1.63,1.62,0.65,97760000000.0,,,1038000000.0,29127000000.0,2699000000.0,-1425000000.0,-777000000.0,4157000000.0,5713000000.0,
ACE,2015-03-31,False,Q1,2015,10-Q,4389000000.0,,681000000.0,2.08,2.05,0.62,98398000000.0,,,948000000.0,29702000000.0,1075000000.0,-1020000000.0,333000000.0,4157000000.0,5516000000.0,
ACE,2015-06-30,False,Q2,2015,10-Q,5048000000.0,,942000000.0,2.89,2.86,0.62,99840000000.0,,,790000000.0,29555000000.0,1891000000.0,-1020000000.0,-659000000.0,4157000000.0,5969000000.0,
CB,2016-03-31,False,Q1,2016,10-Q,6877000000.0,,439000000.0,0.98,0.97,0.67,156644000000.0,,,1091000000.0,45897000000.0,1020000000.0,-1615000000.0,-102000000.0,12636000000.0,15404000000.0,
CB,2016-06-30,False,Q2,2016,10-Q,7897000000.0,,726000000.0,1.55,1.54,0.69,160203000000.0,,,1011000000.0,47226000000.0,2153000000.0,-2672000000.0,-269000000.0,12631000000.0,15525000000.0,
CB,2016-09-30,False,Q3,2016,10-Q,8527000000.0,,1360000000.0,2.9,2.88,0.69,161810000000.0,,,870000000.0,48372000000.0,3837000000.0,-4274000000.0,-510000000.0,12621000000.0,15481000000.0,
CB,2017-06-30,False,Q2,2017,10-Q,8108000000.0,,1305000000.0,2.79,2.77,0.69,162988000000.0,,,1297000000.0,50349000000.0,1640000000.0,104000000.0,-1443000000.0,11667000000.0,15434000000.0,
CB,2017-09-30,False,Q3,2017,10-Q,8610000000.0,,-70000000.0,-0.15,-0.15,0.68,167578000000.0,,,1088000000.0,50471000000.0,3411000000.0,-1343000000.0,-1970000000.0,11559000000.0,15707000000.0,
CB,2017-03-31,False,Q1,2017,10-Q,7510000000.0,,1093000000.0,2.33,2.31,0.69,160967000000.0,,,1063000000.0,49224000000.0,1013000000.0,-60000000.0,-858000000.0,12300000000.0,15387000000.0,
CB,2015-12-31,False,FY,2015,10-K,18987000000.0,,2834000000.0,8.71,8.62,2.66,102366000000.0,,,1775000000.0,29135000000.0,3864000000.0,-6294000000.0,3695000000.0,9447000000.0,4796000000.0,
CB,2016-12-31,False,FY,2016,10-K,31469000000.0,,4135000000.0,8.94,8.87,2.7,159786000000.0,,,985000000.0,48275000000.0,3618000000.0,-5315000000.0,-1288000000.0,12610000000.0,15332000000.0,
CB,2018-03-31,False,Q1,2018,10-Q,7831000000.0,,1082000000.0,2.32,2.3,0.66,168781000000.0,,,1988000000.0,51287000000.0,551000000.0,-881000000.0,1567000000.0,12786000000.0,15686000000.0,
CB,2018-09-30,False,Q3,2018,10-Q,8750000000.0,,1231000000.0,2.66,2.64,0.72,167684000000.0,,,1053000000.0,50934000000.0,3897000000.0,-2127000000.0,-1424000000.0,12149000000.0,15332000000.0,
CB,2018-06-30,False,Q2,2018,10-Q,8510000000.0,,1294000000.0,2.78,2.76,0.73,167534000000.0,,,1000000000.0,50971000000.0,2197000000.0,-1260000000.0,-649000000.0,12184000000.0,15476000000.0,
CB,2017-12-31,False,FY,2017,10-K,32243000000.0,,3861000000.0,8.26,8.19,2.76,167022000000.0,,,728000000.0,51172000000.0,781000000.0,-2442000000.0,-779000000.0,11556000000.0,15541000000.0,
