symbol,end_date,amend,period_focus,fiscal_year,doc_type,revenues,op_income,net_income,eps_basic,eps_diluted,dividend,assets,cur_assets,cur_liab,cash,equity,cash_flow_op,cash_flow_inv,cash_flow_fin,debt,goodwill,cap_ex
CBAN,2018-09-30,False,Q3,2018,10-Q,14656000.0,,2695000.0,0.32,0.32,0.05,1186196000.0,,,10149000.0,88988000.0,11835000.0,25536000.0,-50367000.0,82729000.0,,2256000.0
CBAN,2011-06-30,False,Q2,2011,10-Q,15766000.0,,189000.0,0.02,0.02,0.0,1197573000.0,,,31506000.0,95592000.0,9404000.0,-49647000.0,-81694000.0,,,173000.0
CBAN,2013-06-30,False,Q2,2013,10-Q,13336000.0,,611000.0,0.07,0.07,0.0,1106454000.0,,,26969000.0,91740000.0,10897000.0,-1827000.0,-31347000.0,64229000.0,,896000.0
CBAN,2013-03-31,False,Q1,2013,10-Q,13374000.0,,567000.0,0.07,0.07,0.0,1118865000.0,,,29574000.0,95437000.0,5300000.0,-3861000.0,-21111000.0,64229000.0,,541000.0
CBAN,2012-03-31,False,Q1,2012,10-Q,14005000.0,,189000.0,0.02,0.02,0.0,1176644000.0,,,47825000.0,97125000.0,6348000.0,-22424000.0,-19471000.0,,,424000.0
CBAN,2011-12-31,False,FY,2011,10-K,61743888.0,,1133595.0,0.13,0.13,0.0,1195376436.0,,,83371842.0,96612810.0,15159896.0,98677019.0,-84614742.0,,,397825.0
CBAN,2012-09-30,False,Q3,2012,10-Q,14651000.0,,411000.0,0.05,0.05,0.0,1097437000.0,,,65023000.0,96369000.0,17412000.0,64020000.0,-99781000.0,54229000.0,,723000.0
CBAN,2012-06-30,False,Q2,2012,10-Q,14347000.0,,403000.0,0.05,0.05,0.0,1133170000.0,,,62606000.0,97009000.0,12064000.0,31020000.0,-63850000.0,59229000.0,,553000.0
CBAN,2011-09-30,False,Q3,2011,10-Q,15155000.0,,208000.0,0.02,0.02,0.0,1145983000.0,,,27338000.0,97931000.0,13489000.0,95594000.0,-135894000.0,,,267000.0
CBAN,2012-12-31,False,FY,2012,10-K,709191.0,,1205913.0,0.14,0.14,0.0,1139396781.0,,,49245833.0,95759167.0,22806632.0,-632260.0,-56300381.0,59229000.0,,845338.0
CBAN,2013-09-30,False,Q3,2013,10-Q,13369000.0,,701000.0,0.08,0.08,0.0,1113141000.0,,,37559000.0,90815000.0,15260000.0,-1724000.0,-25223000.0,64229000.0,,1089000.0
CBAN,2013-12-31,False,FY,2013,10-K,2193836.0,,3120284.0,0.37,0.37,0.0,1148550886.0,,,46186665.0,89954239.0,18870455.0,-34774212.0,12844589.0,64229000.0,,1489579.0
CBAN,2014-03-31,False,Q1,2014,10-Q,13015000.0,,814000.0,0.1,0.1,0.0,1141836000.0,,,38775000.0,92348000.0,3904000.0,-640000.0,-10676000.0,64229000.0,,171000.0
CBAN,2016-03-31,False,Q1,2016,10-Q,13261000.0,,1656000.0,0.2,0.2,0.0,1168389000.0,,,16070000.0,100543000.0,4663000.0,1066000.0,-11916000.0,64229000.0,,1031000.0
CBAN,2014-06-30,False,Q2,2014,10-Q,13497000.0,,1335000.0,0.16,0.16,0.0,1118382000.0,,,32948000.0,95210000.0,8775000.0,17247000.0,-39261000.0,64229000.0,,871000.0
CBAN,2014-09-30,False,Q3,2014,10-Q,13810000.0,,1384000.0,0.16,0.16,0.0,1114414000.0,,,23832000.0,96272000.0,12455000.0,11520000.0,-46330000.0,64229000.0,,1308000.0
CBAN,2015-09-30,False,Q3,2015,10-Q,13350000.0,,1606000.0,0.19,0.19,0.0,1127320000.0,,,17137000.0,101074000.0,10802000.0,-10260000.0,-28010000.0,64229000.0,,776000.0
CBAN,2015-06-30,False,Q2,2015,10-Q,13288000.0,,1555000.0,0.18,0.18,0.0,1139050000.0,,,19550000.0,102659000.0,5482000.0,-18608000.0,-11929000.0,64229000.0,,354000.0
CBAN,2014-12-31,False,FY,2014,10-K,12697175.0,,4843021.0,0.57,0.57,0.0,1146897981.0,,,44604932.0,99027312.0,14766575.0,-2629553.0,-13718755.0,64229000.0,,1681115.0
CBAN,2016-06-30,False,Q2,2016,10-Q,13493000.0,,1761000.0,0.21,0.21,0.0,1147027000.0,,,16188000.0,103465000.0,6637000.0,23092000.0,-35798000.0,64229000.0,,1795000.0
CBAN,2015-12-31,False,FY,2015,10-K,10709357.0,,5997687.0,0.71,0.71,0.0,1174149427.0,,,22256646.0,95456622.0,14067287.0,-56200061.0,19784488.0,64229000.0,,3189969.0
CBAN,2015-03-31,False,Q1,2015,10-Q,13078000.0,,1253000.0,0.15,0.15,0.0,1156711000.0,,,20407000.0,102363000.0,2715000.0,-32836000.0,5923000.0,64229000.0,,195000.0
CBAN,2016-09-30,False,Q3,2016,10-Q,13793000.0,,1880000.0,0.22,0.22,0.0,1152817000.0,,,17803000.0,100735000.0,9596000.0,17805000.0,-31855000.0,70229000.0,,2635000.0
CBAN,2017-09-30,False,Q3,2017,10-Q,14002000.0,,2622000.0,0.31,0.3,0.025,1195393000.0,,,18848000.0,91602000.0,10898000.0,3531000.0,-24403000.0,80229000.0,,913000.0
CBAN,2017-03-31,False,Q1,2017,10-Q,13521000.0,,1906000.0,0.23,0.22,0.025,1208765000.0,,,22099000.0,85861000.0,5112000.0,-6830000.0,-5005000.0,75237000.0,,265000.0
CBAN,2018-03-31,False,Q1,2018,10-Q,14244000.0,,3188000.0,0.38,0.37,0.05,1218420000.0,,,9797000.0,89966000.0,5051000.0,-3344000.0,-15055000.0,72729000.0,,1375000.0
CBAN,2017-12-31,False,FY,2017,10-K,9445065.0,,7540378.0,0.89,0.87,0.1,1232755317.0,,,910239.0,90322663.0,12545135.0,-32831146.0,14609043.0,71729000.0,,1344898.0
CBAN,2017-06-30,False,Q2,2017,10-Q,13932000.0,,2433000.0,0.29,0.28,0.025,1198449000.0,,,19071000.0,88992000.0,7331000.0,835000.0,-17917000.0,80229000.0,,531000.0
CBAN,2018-06-30,False,Q2,2018,10-Q,14433000.0,,3069000.0,0.36,0.36,0.05,1204472000.0,,,9900000.0,88246000.0,7913000.0,8953000.0,-30111000.0,77737000.0,,1869000.0
CBAN,2016-12-31,False,FY,2016,10-K,9822796.0,,7179900.0,0.85,0.84,0.0,1210441617.0,,,28822104.0,93387733.0,13388491.0,-35373579.0,28550546.0,70229000.0,,3259859.0
