symbol,end_date,amend,period_focus,fiscal_year,doc_type,revenues,op_income,net_income,eps_basic,eps_diluted,dividend,assets,cur_assets,cur_liab,cash,equity,cash_flow_op,cash_flow_inv,cash_flow_fin,debt,goodwill,cap_ex
CBSH,2011-06-30,False,Q2,2011,10-Q,279431000.0,,69034000.0,0.8,0.79,0.0,19570860000.0,,,340594000.0,2131567000.0,194869000.0,-667163000.0,898754000.0,,125585000.0,11133000.0
CBSH,2018-12-31,False,FY,2018,10-K,1390542000.0,,424542000.0,3.79,3.78,0.895,25463842000.0,,,507892000.0,2937149000.0,552660000.0,-91024000.0,223252000.0,13500000.0,138921000.0,33294000.0
CBSH,2011-03-31,False,Q1,2011,10-Q,271732000.0,,60453000.0,0.69,0.69,0.23,19017296000.0,,,362148000.0,2070490000.0,101970000.0,-417090000.0,424133000.0,,125585000.0,5819000.0
CBSH,2010-09-30,False,Q3,2010,10-Q,278459000.0,,55885000.0,0.67,0.67,0.0,18751759000.0,,,412315000.0,2046605000.0,405868000.0,-541801000.0,93011000.0,,125585000.0,13161000.0
CBSH,2010-06-30,False,Q2,2010,10-Q,286704000.0,,59734000.0,0.72,0.71,0.0,18379311000.0,,,339990000.0,1988614000.0,94730000.0,325497000.0,-232417000.0,,125585000.0,9395000.0
CBSH,2010-12-31,False,FY,2010,10-K,1134589000.0,,221710000.0,2.54,2.52,0.895,18502339000.0,,,328464000.0,2023464000.0,671177000.0,-654454000.0,-19882000.0,,125585000.0,18528000.0
CBSH,2012-03-31,False,Q1,2012,10-Q,264549000.0,,65799000.0,0.74,0.74,0.23,20526917000.0,,,381462000.0,2199206000.0,120145000.0,5363000.0,-208634000.0,,125585000.0,5393000.0
CBSH,2011-09-30,False,Q3,2011,10-Q,272467000.0,,65352000.0,0.76,0.76,0.0,20638668000.0,,,424861000.0,2129965000.0,311097000.0,-1070758000.0,868666000.0,,125585000.0,16135000.0
CBSH,2012-12-31,False,FY,2012,10-K,1077599000.0,,269329000.0,2.91,2.9,2.305,22159589000.0,,,573066000.0,2171574000.0,383112000.0,-1160837000.0,1039999000.0,503710000.0,125585000.0,34969000.0
CBSH,2012-06-30,False,Q2,2012,10-Q,275440000.0,,70733000.0,0.8,0.8,0.0,20742991000.0,,,410666000.0,2230769000.0,203393000.0,-213032000.0,2753000.0,,125585000.0,11703000.0
CBSH,2013-03-31,False,Q1,2013,10-Q,258622000.0,,61017000.0,0.67,0.67,0.225,22227208000.0,,,413019000.0,2179191000.0,98071000.0,-424370000.0,167269000.0,,125585000.0,5867000.0
CBSH,2012-09-30,False,Q3,2012,10-Q,264116000.0,,66006000.0,0.75,0.75,0.0,20878769000.0,,,426742000.0,2307072000.0,295366000.0,-186779000.0,-56777000.0,,125585000.0,19243000.0
CBSH,2011-12-31,False,FY,2011,10-K,1090888000.0,,256343000.0,2.83,2.82,0.876,20649367000.0,,,465828000.0,2170361000.0,407361000.0,-2184835000.0,1834350000.0,511817000.0,125585000.0,21332000.0
CBSH,2013-09-30,False,Q3,2013,10-Q,268455000.0,,68224000.0,0.75,0.75,0.0,22452297000.0,,,594309000.0,2181486000.0,288777000.0,-185444000.0,65866000.0,,138676000.0,18731000.0
CBSH,2014-06-30,False,Q2,2014,10-Q,276330000.0,,66531000.0,0.7,0.7,0.0,23005179000.0,,,516509000.0,2262153000.0,208852000.0,-538258000.0,-375232000.0,,138921000.0,14583000.0
CBSH,2013-12-31,False,FY,2013,10-K,1068671000.0,,260961000.0,2.73,2.72,0.857,23072036000.0,,,518420000.0,2214397000.0,360933000.0,-713660000.0,842416000.0,455310000.0,138921000.0,23841000.0
CBSH,2015-03-31,False,Q1,2015,10-Q,0.0,,58805000.0,0.61,0.61,0.225,24049483000.0,,,416109000.0,2405407000.0,95517000.0,-600464000.0,-43499000.0,,138921000.0,8575000.0
CBSH,2013-06-30,False,Q2,2013,10-Q,269931000.0,,65805000.0,0.72,0.72,0.0,21910351000.0,,,399687000.0,2106787000.0,167905000.0,-392980000.0,-125257000.0,,125585000.0,10713000.0
CBSH,2014-09-30,False,Q3,2014,10-Q,274097000.0,,66385000.0,0.72,0.72,0.0,22701545000.0,,,445268000.0,2288869000.0,285629000.0,-210362000.0,-622324000.0,,138921000.0,34205000.0
CBSH,2015-06-30,False,Q2,2015,10-Q,0.0,,72103000.0,0.75,0.75,0.0,23705935000.0,,,409791000.0,2315360000.0,193561000.0,-193849000.0,-399080000.0,,138921000.0,15523000.0
CBSH,2014-12-31,False,FY,2014,10-K,1084270000.0,,257704000.0,2.62,2.61,0.857,23994280000.0,,,467488000.0,2334246000.0,360836000.0,-1062682000.0,533049000.0,13500000.0,138921000.0,43658000.0
CBSH,2015-09-30,False,Q3,2015,10-Q,0.0,,62362000.0,0.67,0.66,0.0,23967648000.0,,,384122000.0,2371043000.0,278828000.0,-624650000.0,-296145000.0,,138921000.0,22718000.0
CBSH,2016-06-30,False,Q2,2016,10-Q,0.0,,67643000.0,0.7,0.7,0.0,24709693000.0,,,428300000.0,2526821000.0,290877000.0,18100000.0,-186448000.0,,138921000.0,13649000.0
CBSH,2016-03-31,False,Q1,2016,10-Q,0.0,,63124000.0,0.65,0.65,0.225,24506952000.0,,,375481000.0,2447282000.0,195884000.0,83523000.0,-225919000.0,,138921000.0,7389000.0
CBSH,2017-06-30,False,Q2,2017,10-Q,0.0,,76710000.0,0.75,0.75,0.0,25078843000.0,,,433747000.0,2628207000.0,212018000.0,145037000.0,-608363000.0,,138921000.0,14117000.0
CBSH,2017-09-30,False,Q3,2017,10-Q,0.0,,72314000.0,0.71,0.71,0.0,24979141000.0,,,461724000.0,2704477000.0,334310000.0,321199000.0,-838168000.0,,138921000.0,22853000.0
CBSH,2015-12-31,False,FY,2015,10-K,1109971000.0,,254730000.0,2.56,2.56,0.857,24604962000.0,,,464411000.0,2367418000.0,289063000.0,-1195402000.0,308341000.0,13500000.0,138921000.0,31897000.0
CBSH,2014-03-31,False,Q1,2014,10-Q,0.0,,64313000.0,0.67,0.67,0.225,22837120000.0,,,530244000.0,2273511000.0,121475000.0,-218600000.0,-424203000.0,,138921000.0,3954000.0
CBSH,2016-12-31,False,FY,2016,10-K,1187444000.0,,266391000.0,2.62,2.61,0.857,25641424000.0,,,494690000.0,2501132000.0,432367000.0,-805213000.0,652562000.0,13500000.0,138921000.0,24478000.0
CBSH,2017-03-31,False,Q1,2017,10-Q,0.0,,69254000.0,0.68,0.68,0.225,25308171000.0,,,416161000.0,2563565000.0,141305000.0,-173378000.0,-211762000.0,,138921000.0,5456000.0
CBSH,2018-03-31,False,Q1,2018,10-Q,0.0,,98734000.0,0.92,0.92,0.235,24611242000.0,,,423048000.0,2705728000.0,143989000.0,283362000.0,-366757000.0,,138921000.0,4982000.0
CBSH,2016-09-30,False,Q3,2016,10-Q,0.0,,66295000.0,0.69,0.68,0.0,24734468000.0,,,396938000.0,2560813000.0,346167000.0,-92813000.0,-288953000.0,,138921000.0,18479000.0
CBSH,2018-06-30,False,Q2,2018,10-Q,0.0,,108080000.0,1.02,1.01,0.0,24524742000.0,,,386339000.0,2771383000.0,288077000.0,252905000.0,-517743000.0,,138921000.0,13525000.0
CBSH,2017-12-31,False,FY,2017,10-K,1264011000.0,,310383000.0,2.9,2.89,0.857,24833415000.0,,,438439000.0,2718184000.0,433226000.0,220720000.0,-924536000.0,13500000.0,138921000.0,30824000.0
CBSH,2018-09-30,False,Q3,2018,10-Q,0.0,,110326000.0,1.03,1.03,0.0,25062392000.0,,,443004000.0,2807810000.0,446711000.0,-126794000.0,-39115000.0,,138921000.0,21358000.0
