symbol,end_date,amend,period_focus,fiscal_year,doc_type,revenues,op_income,net_income,eps_basic,eps_diluted,dividend,assets,cur_assets,cur_liab,cash,equity,cash_flow_op,cash_flow_inv,cash_flow_fin,debt,goodwill,cap_ex
CBU,2011-12-31,False,FY,2011,10-K,52338000.0,,72589000.0,2.03,2.01,1.0,6488275000.0,,,324878000.0,774583000.0,47983000.0,-26134000.0,41358000.0,728281000.0,345050000.0,-9613000.0
CBU,2011-06-30,False,Q2,2011,10-Q,92615000.0,,17986000.0,0.49,0.49,0.24,6390485000.0,,,273693000.0,730071000.0,50392000.0,-6399000.0,17863000.0,728441000.0,345915000.0,4235000.0
CBU,2011-09-30,False,Q3,2011,10-Q,93634000.0,,20008000.0,0.54,0.54,0.26,6503854000.0,,,425877000.0,755633000.0,80600000.0,42370000.0,91070000.0,728335000.0,344229000.0,6895000.0
CBU,2018-12-31,False,FY,2018,10-K,107411000.0,,167897000.0,3.28,3.24,1.44,10607295000.0,,,211834000.0,1713783000.0,221408000.0,17495000.0,-248107000.0,1976000.0,733503000.0,12646000.0
CBU,2013-06-30,False,Q2,2013,10-Q,91238000.0,,21008000.0,0.53,0.52,0.27,7020716000.0,,,148573000.0,850031000.0,55730000.0,304831000.0,-440546000.0,322319000.0,369703000.0,7355000.0
CBU,2012-06-30,False,Q2,2012,10-Q,94241000.0,,20927000.0,0.53,0.53,0.26,7166331000.0,,,130902000.0,885059000.0,51942000.0,-832528000.0,586610000.0,1157872000.0,345050000.0,4132000.0
CBU,2012-03-31,False,Q1,2012,10-Q,90979000.0,,18722000.0,0.49,0.48,0.26,6912458000.0,,,132055000.0,840673000.0,28895000.0,-612102000.0,390384000.0,910427000.0,345050000.0,560000.0
CBU,2013-09-30,False,Q3,2013,10-Q,93726000.0,,21989000.0,0.55,0.54,0.28,7302017000.0,,,174205000.0,865679000.0,71931000.0,57834000.0,-184118000.0,567116000.0,369703000.0,11226000.0
CBU,2012-09-30,False,Q3,2012,10-Q,97253000.0,,18242000.0,0.46,0.46,0.27,7570373000.0,,,287753000.0,904599000.0,88168000.0,-274562000.0,149269000.0,728116000.0,369703000.0,7103000.0
CBU,2013-03-31,False,Q1,2013,10-Q,94034000.0,,20162000.0,0.51,0.5,0.27,7221073000.0,,,330298000.0,877294000.0,21523000.0,353123000.0,-272906000.0,361422000.0,369703000.0,2502000.0
CBU,2012-12-31,False,FY,2012,10-K,296000.0,,76569000.0,1.95,1.93,1.06,7496800000.0,,,228558000.0,902778000.0,-2047000.0,-264260000.0,59516000.0,728061000.0,369703000.0,10846000.0
CBU,2014-03-31,False,Q1,2014,10-Q,91593000.0,,22173000.0,0.55,0.54,0.28,7397228000.0,,,153417000.0,918136000.0,26712000.0,-235781000.0,212839000.0,217110000.0,375174000.0,1395000.0
CBU,2014-09-30,False,Q3,2014,10-Q,95359000.0,,22371000.0,0.55,0.54,0.3,7502643000.0,,,157500000.0,965524000.0,88330000.0,-327258000.0,246781000.0,343805000.0,375174000.0,7839000.0
CBU,2015-12-31,False,FY,2015,10-K,76094000.0,,90777000.0,2.21,2.19,1.22,8552669000.0,,,153210000.0,1140647000.0,116463000.0,-274161000.0,172512000.0,301300000.0,463252000.0,12400000.0
CBU,2014-06-30,False,Q2,2014,10-Q,93775000.0,,23676000.0,0.58,0.57,0.28,7461343000.0,,,161903000.0,955015000.0,56121000.0,-281026000.0,237161000.0,319408000.0,375174000.0,3827000.0
CBU,2016-03-31,False,Q1,2016,10-Q,108037000.0,,24314000.0,0.55,0.55,0.31,8615901000.0,,,138513000.0,1200665000.0,25293000.0,-10921000.0,-29069000.0,33700000.0,465142000.0,2639000.0
CBU,2015-03-31,False,Q1,2015,10-Q,91500000.0,,22197000.0,0.55,0.54,0.3,7576039000.0,,,150533000.0,1013402000.0,22014000.0,-43445000.0,33568000.0,195700000.0,375174000.0,3321000.0
CBU,2013-12-31,False,FY,2013,10-K,66100000.0,,78829000.0,1.96,1.94,1.1,7095864000.0,,,149647000.0,875812000.0,103184000.0,553258000.0,-735353000.0,141913000.0,374991000.0,13855000.0
CBU,2015-06-30,False,Q2,2015,10-Q,93599000.0,,23741000.0,0.58,0.58,0.3,7908771000.0,,,143047000.0,1000339000.0,53980000.0,-406339000.0,357010000.0,566200000.0,375174000.0,5810000.0
CBU,2016-09-30,False,Q3,2016,10-Q,111274000.0,,27003000.0,0.61,0.61,0.32,8727746000.0,,,161542000.0,1240582000.0,100126000.0,-103450000.0,11656000.0,133900000.0,465142000.0,7832000.0
CBU,2017-06-30,False,Q2,2017,10-Q,17300000.0,,17108000.0,0.35,0.35,0.32,10884046000.0,,,219695000.0,1572900000.0,92084000.0,8568000.0,-54814000.0,3608000.0,733604000.0,5390000.0
CBU,2015-09-30,False,Q3,2015,10-Q,96670000.0,,24893000.0,0.61,0.6,0.31,7997166000.0,,,156836000.0,1045026000.0,81652000.0,-465850000.0,402638000.0,558100000.0,375174000.0,9184000.0
CBU,2017-09-30,False,Q3,2017,10-Q,25500000.0,,35079000.0,0.69,0.68,0.34,10850218000.0,,,241480000.0,1593245000.0,138856000.0,75586000.0,-146819000.0,3586000.0,731505000.0,7701000.0
CBU,2018-03-31,False,Q1,2018,10-Q,26200000.0,,39965000.0,0.78,0.78,0.34,10966555000.0,,,543899000.0,1631466000.0,60908000.0,31748000.0,230205000.0,2042000.0,733625000.0,1556000.0
CBU,2014-12-31,False,FY,2014,10-K,61188000.0,,90897000.0,2.24,2.22,1.16,7489440000.0,,,138396000.0,987904000.0,123201000.0,-332229000.0,197777000.0,338000000.0,375174000.0,13376000.0
CBU,2018-06-30,False,Q2,2018,10-Q,25800000.0,,44418000.0,0.87,0.86,0.34,10633094000.0,,,250154000.0,1656959000.0,111620000.0,51967000.0,-134471000.0,2020000.0,733479000.0,5298000.0
CBU,2017-12-31,False,FY,2017,10-K,126633000.0,,150120000.0,3.07,3.03,1.32,10746198000.0,,,221038000.0,1635315000.0,189674000.0,131371000.0,-273864000.0,2071000.0,734430000.0,10819000.0
CBU,2016-06-30,False,Q2,2016,10-Q,109882000.0,,25706000.0,0.58,0.58,0.31,8742111000.0,,,161634000.0,1236929000.0,67732000.0,-92994000.0,33686000.0,267600000.0,465142000.0,5569000.0
CBU,2017-03-31,False,Q1,2017,10-Q,114276000.0,,26119000.0,0.58,0.57,0.32,8913860000.0,,,291186000.0,1296030000.0,42661000.0,-28509000.0,103177000.0,0.0,542986000.0,2088000.0
CBU,2018-09-30,False,Q3,2018,10-Q,25000000.0,,42915000.0,0.84,0.83,0.38,10659567000.0,,,256838000.0,1668345000.0,166581000.0,1505000.0,-132286000.0,1998000.0,733479000.0,8903000.0
CBU,2016-12-31,False,FY,2016,10-K,90852000.0,,103262000.0,2.34,2.32,1.26,8666437000.0,,,173857000.0,1198100000.0,131261000.0,-121998000.0,11384000.0,146200000.0,465142000.0,12442000.0
