symbol,end_date,amend,period_focus,fiscal_year,doc_type,revenues,op_income,net_income,eps_basic,eps_diluted,dividend,assets,cur_assets,cur_liab,cash,equity,cash_flow_op,cash_flow_inv,cash_flow_fin,debt,goodwill,cap_ex
CCNI,2012-03-30,False,Q1,2012,10-Q,19093681.0,250633.0,-561496.0,-0.01,-0.01,0.0,10620906.0,5987928.0,4921224.0,907024.0,1624091.0,46132.0,-220404.0,-50000.0,,3306786.0,70404.0
CCNI,2013-06-28,False,Q2,2013,10-Q,23294561.0,550011.0,472573.0,0.01,0.01,0.0,19413765.0,13935669.0,11467080.0,1298181.0,4904226.0,1136060.0,11903.0,-1482775.0,,3306786.0,18097.0
CCNI,2013-09-27,False,Q3,2013,10-Q,25910195.0,2201409.0,1227943.0,0.02,0.02,0.0,22866253.0,17053417.0,12756187.0,3055799.0,6154381.0,2303848.0,2457.0,-883499.0,,3306786.0,37843.0
CCNI,2018-09-28,False,Q3,2018,10-Q,26309035.0,751081.0,546350.0,0.11,0.11,0.0,22728365.0,16817892.0,3844462.0,6302715.0,17882695.0,960794.0,-129846.0,-2309717.0,,3777568.0,150371.0
CCNI,2012-12-28,False,FY,2012,10-K,98432059.0,2479204.0,1559277.0,0.03,0.02,0.0,21950990.0,17005701.0,14834309.0,1632993.0,4006521.0,-1834352.0,-443285.0,2779334.0,,3306786.0,293285.0
CCNI,2012-06-30,False,Q2,2012,10-Q,24269530.0,892792.0,842583.0,0.01,0.01,0.0,11746436.0,6805212.0,5329336.0,365597.0,2535745.0,-392092.0,-248607.0,-125000.0,,3306786.0,98607.0
CCNI,2013-12-27,False,FY,2013,10-K,93748261.0,4368240.0,2940871.0,0.05,0.05,0.0,23748696.0,17921075.0,12334747.0,5820309.0,7413990.0,5207277.0,-18595.0,-1001366.0,,3306786.0,58895.0
CCNI,2012-09-28,False,Q3,2012,10-Q,28384931.0,978571.0,721844.0,0.01,0.01,0.0,13386445.0,8252511.0,6569840.0,1339287.0,3360160.0,698420.0,-340429.0,-150000.0,,3306786.0,190429.0
CCNI,2013-03-29,False,Q1,2013,10-Q,19904718.0,176750.0,12206.0,0.0,0.0,0.0,18348489.0,13128692.0,10901889.0,848578.0,4390653.0,1604787.0,-7928.0,-2381274.0,,3306786.0,7928.0
CCNI,2014-03-28,False,Q1,2014,10-Q,18458178.0,595957.0,510709.0,0.01,0.01,0.0,21623024.0,15900810.0,9313674.0,5765819.0,7941507.0,2080076.0,-30096.0,-2104470.0,,3306786.0,30096.0
CCNI,2011-09-30,True,Q3,2011,10-Q,24972597.0,1328684.0,1419277.0,0.02,0.02,0.0,9012177.0,6004165.0,5025630.0,440035.0,670541.0,-1375888.0,-71358.0,220000.0,,2500000.0,221358.0
CCNI,2014-09-26,False,Q3,2014,10-Q,27698843.0,2545877.0,6000496.0,0.09,0.09,0.0,29161160.0,21341300.0,8978022.0,6036208.0,17319949.0,3437092.0,-232164.0,-2989029.0,,2500000.0,232164.0
CCNI,2014-06-27,False,Q2,2014,10-Q,21662164.0,1636108.0,1496057.0,0.02,0.02,0.0,20502234.0,14553579.0,6632438.0,2755160.0,11237755.0,1980779.0,-215900.0,-4830028.0,,3306786.0,215900.0
CCNI,2014-12-26,False,FY,2014,10-K,91839846.0,6487451.0,9125754.0,0.14,0.14,0.0,28200762.0,21353142.0,6922273.0,8600249.0,18764187.0,7758143.0,-245709.0,-4732494.0,,2500000.0,245709.0
CCNI,2015-03-27,False,Q1,2015,10-Q,18978825.0,189479.0,81538.0,0.0,0.0,0.0,27048335.0,19547956.0,5589556.0,7945397.0,18849236.0,546009.0,-38315.0,-1162546.0,,2500000.0,38315.0
CCNI,2011-07-01,False,Q2,2011,10-Q,20299940.0,459036.0,669742.0,0.01,0.01,0.0,8571422.0,4924866.0,4549790.0,465836.0,-91449.0,-1499519.0,78074.0,220000.0,,2500000.0,-71926.0
CCNI,2016-03-25,False,Q1,2016,10-Q,19066524.0,-494611.0,-538761.0,-0.01,-0.01,0.0,23462173.0,16499632.0,2535316.0,5091674.0,19014151.0,-1833897.0,-3738.0,-700115.0,,2500000.0,3738.0
CCNI,2016-06-24,False,Q2,2016,10-Q,21675874.0,371495.0,274852.0,0.0,0.0,0.0,24073312.0,15032378.0,3413592.0,2233575.0,18747015.0,-1998604.0,-2018525.0,-1378721.0,,3809938.0,38525.0
CCNI,2011-07-01,True,Q2,2011,10-Q,20299940.0,459036.0,669742.0,0.01,0.01,0.0,7855532.0,4924866.0,4549790.0,465836.0,-807339.0,-1499519.0,78074.0,220000.0,,2500000.0,-71926.0
CCNI,2015-06-26,False,Q2,2015,10-Q,22804235.0,932613.0,530141.0,0.01,0.01,0.0,26208118.0,18933138.0,4557705.0,5151188.0,19298489.0,-1101313.0,-211697.0,-2136050.0,,2500000.0,39197.0
CCNI,2016-09-23,False,Q3,2016,10-Q,26433646.0,1121106.0,838231.0,0.01,0.01,0.0,23846496.0,15210569.0,2894576.0,490270.0,19039215.0,-2758868.0,-2103986.0,-2276300.0,,3684622.0,123986.0
CCNI,2011-12-30,False,FY,2011,10-K,81920997.0,886536.0,853903.0,0.02,0.01,0.0,8497813.0,5437131.0,3601059.0,1131296.0,1764664.0,-627321.0,-128664.0,220000.0,,2500000.0,278664.0
CCNI,2011-09-30,False,Q3,2011,10-Q,24972597.0,612794.0,703387.0,0.01,0.01,0.0,9012177.0,6004165.0,5025630.0,440035.0,670541.0,-1375888.0,-71358.0,220000.0,,2500000.0,-221358.0
CCNI,2016-12-30,False,FY,2016,10-K,93259508.0,1606379.0,759326.0,0.01,0.01,0.0,24296344.0,15232289.0,3827754.0,3022741.0,18863855.0,13174.0,-2080609.0,-2539248.0,,4307611.0,100609.0
CCNI,2015-12-25,False,FY,2015,10-K,88498943.0,2990329.0,1713159.0,0.03,0.03,0.0,26121439.0,18872118.0,4248196.0,7629424.0,19641508.0,3334253.0,-297121.0,-4007957.0,,2500000.0,124621.0
CCNI,2015-09-25,False,Q3,2015,10-Q,24856000.0,1389497.0,820343.0,0.01,0.01,0.0,26412742.0,19671258.0,4812696.0,5779322.0,19319888.0,1320858.0,-212148.0,-3929638.0,,2500000.0,39648.0
CCNI,2017-03-31,False,Q1,2017,10-Q,22348249.0,299077.0,182452.0,0.0,0.0,0.0,24041403.0,15182903.0,3458749.0,3751904.0,19056213.0,1387950.0,-92463.0,-589531.0,,3777568.0,92463.0
CCNI,2018-06-29,False,Q2,2018,10-Q,24175985.0,820486.0,563247.0,0.11,0.11,0.0,22649905.0,16728531.0,3451650.0,5759456.0,18197047.0,-86855.0,-65351.0,-1811954.0,,3777568.0,84851.0
CCNI,2018-03-30,False,Q1,2018,10-Q,22467398.0,-1712144.0,-1217689.0,-0.24,-0.24,0.0,23149594.0,17037485.0,4200418.0,6708742.0,18031679.0,-168051.0,-67197.0,-800626.0,,3777568.0,67197.0
CCNI,2017-12-29,False,FY,2017,10-K,98072198.0,3696495.0,1679348.0,0.33,0.33,0.0,25364247.0,18183361.0,4850961.0,7781484.0,19595789.0,4747668.0,-103665.0,90064.0,,4085576.0,103665.0
CCNI,2017-09-29,False,Q3,2017,10-Q,26703266.0,1609284.0,850798.0,0.01,0.01,0.0,26157667.0,18292976.0,4440409.0,6061099.0,20699014.0,2507745.0,-102170.0,627986.0,,3777568.0,102170.0
CCNI,2017-06-30,False,Q2,2017,10-Q,24503660.0,1232068.0,734896.0,0.01,0.01,0.0,24837135.0,16482178.0,3900530.0,4104622.0,19798990.0,935069.0,-100547.0,222683.0,,3777568.0,100547.0
