symbol,end_date,amend,period_focus,fiscal_year,doc_type,revenues,op_income,net_income,eps_basic,eps_diluted,dividend,assets,cur_assets,cur_liab,cash,equity,cash_flow_op,cash_flow_inv,cash_flow_fin,debt,goodwill,cap_ex
CDNS,2018-12-29,False,FY,2018,10-K,924644000.0,396209000.0,345777000.0,1.26,1.23,0.0,2468654000.0,951092000.0,708982000.0,533298000.0,1288401000.0,604751000.0,-173845000.0,-567939000.0,,662272000.0,61503000.0
CDNS,2011-07-02,False,Q2,2011,10-Q,283270000.0,24957000.0,26908000.0,0.1,0.1,0.0,1874625000.0,1165255000.0,1184402000.0,665317000.0,331316000.0,125778000.0,-22412000.0,1051000.0,,173752000.0,11312000.0
CDNS,2010-10-02,False,Q3,2010,10-Q,237934000.0,-3083000.0,126753000.0,0.49,0.48,0.0,1705948000.0,822309000.0,461027000.0,509035000.0,295987000.0,142129000.0,-279587000.0,67759000.0,,158893000.0,28940000.0
CDNS,2011-04-02,False,Q1,2011,10-Q,266102000.0,17544000.0,6323000.0,0.02,0.02,0.0,1815704000.0,922638000.0,673662000.0,612208000.0,297706000.0,56365000.0,-4153000.0,3374000.0,,159081000.0,5181000.0
CDNS,2010-07-03,False,Q2,2010,10-Q,227064000.0,5219000.0,48607000.0,0.19,0.18,0.0,1695755000.0,765076000.0,444087000.0,475603000.0,162680000.0,95701000.0,-265600000.0,76493000.0,,158227000.0,18765000.0
CDNS,2012-09-29,False,Q3,2012,10-Q,338533000.0,59441000.0,58584000.0,0.22,0.21,0.0,1988514000.0,1250612000.0,1074618000.0,649099000.0,588388000.0,220118000.0,-186382000.0,18142000.0,,233275000.0,25932000.0
CDNS,2011-10-01,False,Q3,2011,10-Q,292457000.0,32177000.0,28106000.0,0.11,0.1,0.0,1860677000.0,958459000.0,649532000.0,696101000.0,376596000.0,178205000.0,-47951000.0,7136000.0,,192153000.0,17703000.0
CDNS,2011-01-01,False,FY,2010,10-K,935954000.0,-28966000.0,126538000.0,0.49,0.48,0.0,1732116000.0,879406000.0,697548000.0,557409000.0,276654000.0,199143000.0,-285112000.0,59938000.0,,158893000.0,34782000.0
CDNS,2012-06-30,False,Q2,2012,10-Q,326476000.0,50620000.0,36386000.0,0.13,0.13,0.0,1829257000.0,1158446000.0,1002853000.0,661658000.0,502013000.0,128188000.0,-68463000.0,4295000.0,,192238000.0,18269000.0
CDNS,2012-03-31,False,Q1,2012,10-Q,315830000.0,45350000.0,31104000.0,0.12,0.11,0.0,1794832000.0,1111644000.0,1011426000.0,659687000.0,460752000.0,60709000.0,-9448000.0,9391000.0,,192445000.0,8201000.0
CDNS,2011-12-31,False,FY,2011,10-K,1149835000.0,120377000.0,72229000.0,0.27,0.27,0.0,1761269000.0,1063983000.0,1015366000.0,601602000.0,411130000.0,240342000.0,-56497000.0,-144804000.0,,192125000.0,31421000.0
CDNS,2013-06-29,False,Q2,2013,10-Q,362481000.0,45142000.0,9429000.0,0.03,0.03,0.0,2563089000.0,1265499000.0,1361903000.0,577233000.0,1040260000.0,150231000.0,-410908000.0,122661000.0,,457556000.0,23739000.0
CDNS,2013-03-30,False,Q1,2013,10-Q,354266000.0,58136000.0,78609000.0,0.29,0.27,0.0,2323263000.0,1461912000.0,1210625000.0,810152000.0,1019673000.0,75336000.0,-1821000.0,15194000.0,,232608000.0,6569000.0
CDNS,2013-09-28,False,Q3,2013,10-Q,366647000.0,47930000.0,38500000.0,0.14,0.13,0.0,2557387000.0,1274163000.0,1297690000.0,620403000.0,1096206000.0,248441000.0,-417055000.0,77443000.0,,456267000.0,35950000.0
CDNS,2012-12-29,False,FY,2012,10-K,1326424000.0,211672000.0,439948000.0,1.63,1.57,0.0,2287003000.0,1391235000.0,1217270000.0,726357000.0,915171000.0,315994000.0,-201240000.0,15833000.0,,233266000.0,35966000.0
CDNS,2014-03-29,False,Q1,2014,10-Q,378550000.0,42312000.0,33070000.0,0.12,0.11,0.0,2524220000.0,1297725000.0,1192694000.0,532761000.0,1214202000.0,28098000.0,-34188000.0,-129000.0,,478990000.0,6252000.0
CDNS,2014-06-28,False,Q2,2014,10-Q,378788000.0,35497000.0,23263000.0,0.08,0.08,0.0,2785833000.0,1414719000.0,1408047000.0,557416000.0,1260484000.0,96963000.0,-180490000.0,99965000.0,,559957000.0,17715000.0
CDNS,2014-09-27,False,Q3,2014,10-Q,400496000.0,54049000.0,37535000.0,0.13,0.12,0.0,2705941000.0,1351610000.0,1296044000.0,500483000.0,1284727000.0,184655000.0,-191284000.0,-27878000.0,0.0,557252000.0,27958000.0
CDNS,2015-01-03,False,FY,2014,10-K,1580932000.0,206644000.0,158898000.0,0.56,0.52,0.0,3209556000.0,1851735000.0,1393091000.0,932161000.0,1333574000.0,316722000.0,-198015000.0,288965000.0,,553767000.0,39810000.0
CDNS,2015-07-04,False,Q2,2015,10-Q,415883000.0,76404000.0,58160000.0,0.2,0.19,0.0,2380653000.0,1067228000.0,527363000.0,647851000.0,1397215000.0,168442000.0,-28104000.0,-410625000.0,,553831000.0,24067000.0
CDNS,2015-04-04,False,Q1,2015,10-Q,411366000.0,49285000.0,36259000.0,0.13,0.12,0.0,3062565000.0,1733644000.0,1226436000.0,887736000.0,1363190000.0,46688000.0,-8416000.0,-73682000.0,,553942000.0,7520000.0
CDNS,2016-07-02,False,Q2,2016,10-Q,453021000.0,66906000.0,49335000.0,0.17,0.17,0.0,2377873000.0,962179000.0,564471000.0,669573000.0,1075393000.0,163557000.0,-6573000.0,-111916000.0,50000000.0,573714000.0,28287000.0
CDNS,2016-04-02,False,Q1,2016,10-Q,447862000.0,58036000.0,50562000.0,0.17,0.17,0.0,2539024000.0,1152244000.0,567900000.0,810400000.0,1234052000.0,83191000.0,-13911000.0,118433000.0,50000000.0,551897000.0,12116000.0
CDNS,2013-12-28,False,FY,2013,10-K,1460116000.0,189007000.0,164243000.0,0.59,0.56,0.0,2428601000.0,1221091000.0,1148210000.0,536260000.0,1156105000.0,367605000.0,-426895000.0,-116291000.0,,456905000.0,44929000.0
CDNS,2017-04-01,False,Q1,2017,10-Q,476911000.0,79602000.0,68259000.0,0.25,0.25,0.0,2191198000.0,800004000.0,575826000.0,544128000.0,840592000.0,92430000.0,-14736000.0,-548000.0,,574545000.0,14843000.0
CDNS,2017-09-30,False,Q3,2017,10-Q,485398000.0,80385000.0,81157000.0,0.3,0.29,0.0,2305227000.0,931105000.0,520134000.0,678284000.0,1010740000.0,343884000.0,-30697000.0,-109517000.0,,574912000.0,39676000.0
CDNS,2017-07-01,False,Q2,2017,10-Q,479001000.0,82690000.0,69127000.0,0.25,0.25,0.0,2267699000.0,883450000.0,544725000.0,655998000.0,951793000.0,254570000.0,-27299000.0,-46645000.0,,575025000.0,27488000.0
CDNS,2016-01-02,False,FY,2015,10-K,1702091000.0,285430000.0,252417000.0,0.88,0.81,0.0,2351015000.0,964761000.0,536307000.0,616686000.0,1376115000.0,378200000.0,-44504000.0,-626310000.0,,551772000.0,44808000.0
CDNS,2015-10-03,False,Q3,2015,10-Q,433763000.0,77901000.0,77624000.0,0.27,0.25,0.0,2331140000.0,1042084000.0,509647000.0,616091000.0,1384562000.0,255349000.0,-34527000.0,-518541000.0,,552411000.0,34093000.0
CDNS,2016-12-31,False,FY,2016,10-K,1816083000.0,244901000.0,203086000.0,0.71,0.7,0.0,2096908000.0,702034000.0,585562000.0,465232000.0,741770000.0,444879000.0,1357000.0,-592697000.0,,572764000.0,53712000.0
CDNS,2018-06-30,False,Q2,2018,10-Q,518391000.0,93056000.0,75149000.0,0.27,0.27,0.0,2527865000.0,1129054000.0,870115000.0,819540000.0,1187988000.0,362913000.0,-31105000.0,-193361000.0,,663320000.0,31105000.0
CDNS,2018-03-31,False,Q1,2018,10-Q,517313000.0,85833000.0,72885000.0,0.27,0.26,0.0,2486673000.0,1069943000.0,866249000.0,746968000.0,1142298000.0,157647000.0,-13128000.0,-97056000.0,,665615000.0,13128000.0
CDNS,2017-12-30,False,FY,2017,10-K,1943032000.0,323955000.0,204101000.0,0.75,0.73,0.0,2418714000.0,979988000.0,642398000.0,688087000.0,989202000.0,470740000.0,-191209000.0,-70147000.0,,666009000.0,57901000.0
CDNS,2016-10-01,False,Q3,2016,10-Q,446220000.0,66842000.0,64712000.0,0.23,0.23,0.0,2194087000.0,792290000.0,531321000.0,524333000.0,926796000.0,248017000.0,6571000.0,-356057000.0,,573890000.0,42452000.0
CDNS,2018-09-29,False,Q3,2018,10-Q,224458000.0,103630000.0,99318000.0,0.36,0.35,0.0,2273207000.0,888381000.0,541321000.0,544585000.0,1257417000.0,472867000.0,-41761000.0,-560332000.0,,661341000.0,41761000.0
