symbol,end_date,amend,period_focus,fiscal_year,doc_type,revenues,op_income,net_income,eps_basic,eps_diluted,dividend,assets,cur_assets,cur_liab,cash,equity,cash_flow_op,cash_flow_inv,cash_flow_fin,debt,goodwill,cap_ex
CDZI,2011-06-30,False,Q2,2011,10-Q,40000.0,-2288000.0,-3727000.0,-0.27,-0.27,0.0,47908000.0,3740000.0,1932000.0,2980000.0,-4907000.0,-2814000.0,-2109000.0,1992000.0,,3813000.0,2109000.0
CDZI,2018-09-30,False,Q3,2018,10-Q,112000.0,-2488000.0,-6240000.0,-260.0,-260.0,0.0,72324000.0,18308000.0,3152000.0,17667000.0,-79909000.0,-8644000.0,-1258000.0,14539000.0,65100000.0,3813000.0,1258000.0
CDZI,2012-03-31,False,Q1,2012,10-Q,31000.0,-2885000.0,-4448000.0,-0.29,-0.29,0.0,55433000.0,8778000.0,2582000.0,6861000.0,-2372000.0,-4020000.0,-485000.0,-4000.0,,3813000.0,257000.0
CDZI,2011-12-31,False,FY,2011,10-K,1019000.0,-11234000.0,-16837000.0,-1.2,-1.2,0.0,57998000.0,12113000.0,2443000.0,11370000.0,1930000.0,-7514000.0,-4140000.0,17113000.0,,3813000.0,4140000.0
CDZI,2011-09-30,False,Q3,2011,10-Q,121000.0,-2704000.0,-4103000.0,-0.29,-0.29,0.0,49321000.0,4334000.0,1789000.0,3452000.0,-4729000.0,-5344000.0,-3103000.0,5988000.0,,3813000.0,3103000.0
CDZI,2012-12-31,False,FY,2012,10-K,362000.0,-13068000.0,-19574000.0,-1.27,-1.27,0.0,50518000.0,2349000.0,2363000.0,1685000.0,-16768000.0,-11400000.0,-3289000.0,5004000.0,63261000.0,3813000.0,3226000.0
CDZI,2012-09-30,False,Q3,2012,10-Q,287000.0,-3068000.0,-4733000.0,-0.31,-0.31,0.0,51493000.0,3271000.0,5473000.0,1373000.0,-11561000.0,-8169000.0,-1877000.0,49000.0,59354000.0,3813000.0,1449000.0
CDZI,2013-06-30,False,Q2,2013,10-Q,4000.0,-2871000.0,-4460000.0,-0.29,-0.29,0.0,60148000.0,8093000.0,1231000.0,7219000.0,-28216000.0,-10551000.0,-167000.0,16252000.0,85471000.0,3813000.0,167000.0
CDZI,2013-09-30,False,Q3,2013,10-Q,182000.0,-3107000.0,-4796000.0,-0.31,-0.31,0.0,57978000.0,6185000.0,2198000.0,5141000.0,-32983000.0,-12626000.0,-167000.0,16249000.0,87101000.0,3813000.0,167000.0
CDZI,2013-03-31,False,Q1,2013,10-Q,4000.0,-3944000.0,-7439000.0,-0.48,-0.48,0.0,64116000.0,11912000.0,2288000.0,11051000.0,-23770000.0,-6722000.0,-167000.0,16255000.0,83936000.0,3813000.0,167000.0
CDZI,2012-06-30,False,Q2,2012,10-Q,6000.0,-2986000.0,-4582000.0,-0.3,-0.3,0.0,53715000.0,5696000.0,4407000.0,4016000.0,-6891000.0,-6064000.0,-1286000.0,-4000.0,58406000.0,3813000.0,858000.0
CDZI,2014-03-31,False,Q1,2014,10-Q,4000.0,-2648000.0,-4694000.0,-0.29,-0.29,0.0,60197000.0,8399000.0,1282000.0,7450000.0,-41162000.0,-4434000.0,,-3000.0,,3813000.0,
CDZI,2014-09-30,False,Q3,2014,10-Q,305000.0,-2375000.0,-4565000.0,-0.28,-0.28,0.0,55973000.0,4446000.0,1491000.0,3365000.0,-49728000.0,-8489000.0,-25000.0,-8000.0,,3813000.0,25000.0
CDZI,2013-12-31,False,FY,2013,10-K,301000.0,-13972000.0,-22677000.0,-1.46,-1.46,0.0,64174000.0,12528000.0,2582000.0,11887000.0,-36498000.0,-15767000.0,-167000.0,26136000.0,98870000.0,3813000.0,167000.0
CDZI,2015-03-31,False,Q1,2015,10-Q,18000.0,-2718000.0,-4842000.0,-0.27,-0.27,0.0,66032000.0,14441000.0,37389000.0,13548000.0,-44116000.0,-2636000.0,-19000.0,-3000.0,,3813000.0,19000.0
CDZI,2014-06-30,False,Q2,2014,10-Q,11000.0,-2453000.0,-4514000.0,-0.28,-0.28,0.0,57857000.0,6162000.0,1421000.0,5311000.0,-45646000.0,-6557000.0,-14000.0,-5000.0,,3813000.0,14000.0
CDZI,2015-06-30,False,Q2,2015,10-Q,38000.0,-3751000.0,-5989000.0,-0.34,-0.34,0.0,63284000.0,11426000.0,38773000.0,10606000.0,-49747000.0,-5348000.0,-240000.0,-12000.0,,3813000.0,240000.0
CDZI,2016-03-31,False,Q1,2016,10-Q,75000.0,-2353000.0,-8795000.0,-0.49,-0.49,0.0,54505000.0,2703000.0,2932000.0,2103000.0,-64966000.0,-1480000.0,,893000.0,12000000.0,3813000.0,
CDZI,2014-12-31,False,FY,2014,10-K,336000.0,-10359000.0,-18881000.0,-1.15,-1.15,0.0,68212000.0,16791000.0,1893000.0,16206000.0,-39738000.0,-10121000.0,-72000.0,14512000.0,106204000.0,3813000.0,72000.0
CDZI,2015-09-30,False,Q3,2015,10-Q,227000.0,-3651000.0,-5964000.0,-0.33,-0.33,0.0,59526000.0,7171000.0,39272000.0,6395000.0,-54605000.0,-9433000.0,-351000.0,-27000.0,,3813000.0,351000.0
CDZI,2016-06-30,False,Q2,2016,10-Q,108000.0,-2606000.0,-5644000.0,-0.31,-0.31,0.0,58122000.0,6307000.0,1577000.0,5918000.0,-66708000.0,-4821000.0,,8049000.0,12000000.0,3813000.0,
CDZI,2016-09-30,False,Q3,2016,10-Q,120000.0,-1930000.0,-5174000.0,-0.28,-0.28,0.0,59013000.0,7414000.0,47134000.0,3893000.0,-70228000.0,-6410000.0,,7613000.0,,3813000.0,
CDZI,2017-06-30,False,Q2,2017,10-Q,108000.0,-2105000.0,-13570000.0,-0.6,-0.6,0.0,72217000.0,20000000.0,7839000.0,19434000.0,-70667000.0,-4867000.0,-161000.0,12290000.0,,3813000.0,161000.0
CDZI,2017-09-30,False,Q3,2017,10-Q,111000.0,-2414000.0,-5992000.0,-0.26,-0.26,0.0,68889000.0,16636000.0,9035000.0,16055000.0,-76291000.0,-7726000.0,-671000.0,12280000.0,,3813000.0,671000.0
CDZI,2015-12-31,False,FY,2015,10-K,304000.0,-14009000.0,-24013000.0,-1.35,-1.35,0.0,55416000.0,3186000.0,2023000.0,2690000.0,-56498000.0,-12568000.0,-906000.0,-42000.0,115830000.0,3813000.0,906000.0
CDZI,2017-03-31,False,Q1,2017,10-Q,108000.0,-4113000.0,-7227000.0,-0.33,-0.33,0.0,61979000.0,10154000.0,3095000.0,9407000.0,-57675000.0,-2635000.0,-116000.0,-14000.0,,3813000.0,116000.0
CDZI,2016-12-31,False,FY,2016,10-K,412000.0,-9210000.0,-26339000.0,-1.41,-1.41,0.0,67099000.0,15602000.0,4562000.0,12172000.0,-54317000.0,-9514000.0,,18996000.0,125403000.0,3813000.0,
CDZI,2017-12-31,False,FY,2017,10-K,437000.0,-12640000.0,-33864000.0,-1.5,-1.5,0.0,66505000.0,13477000.0,6487000.0,13030000.0,-78699000.0,-10466000.0,-1006000.0,12330000.0,147078000.0,3813000.0,1006000.0
CDZI,2018-06-30,False,Q2,2018,10-Q,109000.0,-2255000.0,-6032000.0,-250.0,-250.0,0.0,74709000.0,20947000.0,3206000.0,20237000.0,-73938000.0,-6419000.0,-927000.0,14553000.0,67200000.0,3813000.0,927000.0
CDZI,2018-03-31,False,Q1,2018,10-Q,108000.0,-2486000.0,-5971000.0,-260.0,-260.0,0.0,62869000.0,9317000.0,3764000.0,8577000.0,-82894000.0,-3937000.0,-502000.0,-14000.0,70500000.0,3813000.0,502000.0
