symbol,end_date,amend,period_focus,fiscal_year,doc_type,revenues,op_income,net_income,eps_basic,eps_diluted,dividend,assets,cur_assets,cur_liab,cash,equity,cash_flow_op,cash_flow_inv,cash_flow_fin,debt,goodwill,cap_ex
CEVA,2012-06-30,False,Q2,2012,10-Q,13592000.0,3203000.0,3479000.0,0.15,0.15,0.0,210437000.0,145833000.0,11751000.0,20507000.0,192989000.0,9851000.0,14896000.0,-19166000.0,,36498000.0,201000.0
CEVA,2011-12-31,False,FY,2011,10-K,60239000.0,18561000.0,18562000.0,0.8,0.77,0.0,219140000.0,149096000.0,12613000.0,14954000.0,200920000.0,27082000.0,-39257000.0,9950000.0,,36498000.0,393000.0
CEVA,2011-09-30,False,Q3,2011,10-Q,14847000.0,4722000.0,4935000.0,0.21,0.2,0.0,210675000.0,148198000.0,11501000.0,22695000.0,193392000.0,18042000.0,-21418000.0,8878000.0,,36498000.0,221000.0
CEVA,2012-03-31,False,Q1,2012,10-Q,15112000.0,4598000.0,4857000.0,0.21,0.2,0.0,218446000.0,147654000.0,12884000.0,6322000.0,199605000.0,5616000.0,-5840000.0,-8421000.0,,36498000.0,87000.0
CEVA,2012-09-30,False,Q3,2012,10-Q,12006000.0,2148000.0,2594000.0,0.12,0.11,0.0,213203000.0,152030000.0,12044000.0,21680000.0,195303000.0,12687000.0,15494000.0,-21416000.0,,36498000.0,344000.0
CEVA,2011-06-30,False,Q2,2011,10-Q,14388000.0,4038000.0,4123000.0,0.18,0.17,0.0,208434000.0,148654000.0,14628000.0,14379000.0,187904000.0,13802000.0,-24763000.0,8415000.0,,36498000.0,213000.0
CEVA,2018-12-31,False,FY,2018,10-K,77877000.0,-1245000.0,574000.0,0.03,0.03,0.0,277263000.0,177288000.0,21752000.0,22260000.0,245879000.0,8612000.0,9827000.0,-17759000.0,,46612000.0,3319000.0
CEVA,2013-03-31,False,Q1,2013,10-Q,12116000.0,1309000.0,1705000.0,0.08,0.08,0.0,218756000.0,147057000.0,14229000.0,10000000.0,197802000.0,670000.0,-7846000.0,-1176000.0,,36498000.0,298000.0
CEVA,2013-06-30,False,Q2,2013,10-Q,12813000.0,1815000.0,2175000.0,0.1,0.1,0.0,218072000.0,140988000.0,12870000.0,7539000.0,198480000.0,1401000.0,-8827000.0,-3405000.0,,36498000.0,635000.0
CEVA,2012-12-31,False,FY,2012,10-K,53677000.0,12367000.0,13685000.0,0.6,0.59,0.0,216333000.0,145652000.0,14107000.0,18422000.0,196068000.0,18624000.0,9835000.0,-24881000.0,,36498000.0,682000.0
CEVA,2013-09-30,False,Q3,2013,10-Q,10005000.0,-1127000.0,-323000.0,-0.01,-0.01,0.0,218049000.0,139969000.0,12251000.0,11607000.0,198764000.0,2736000.0,-4687000.0,-4804000.0,,36498000.0,826000.0
CEVA,2014-03-31,False,Q1,2014,10-Q,13674000.0,2133000.0,1985000.0,0.09,0.09,0.0,212504000.0,145661000.0,13736000.0,28201000.0,191385000.0,4799000.0,2355000.0,-3033000.0,,36498000.0,77000.0
CEVA,2013-12-31,False,FY,2013,10-K,48900000.0,4759000.0,6685000.0,0.3,0.3,0.0,212327000.0,145610000.0,14177000.0,24117000.0,190895000.0,13707000.0,9272000.0,-17337000.0,,36498000.0,894000.0
CEVA,2014-06-30,False,Q2,2014,10-Q,9215000.0,-2264000.0,-1526000.0,-0.07,-0.07,0.0,200621000.0,134676000.0,11530000.0,22893000.0,181414000.0,1341000.0,10249000.0,-12818000.0,,36498000.0,165000.0
CEVA,2017-03-31,False,Q1,2017,10-Q,21287000.0,4346000.0,4107000.0,0.19,0.19,0.0,251609000.0,132048000.0,22556000.0,12621000.0,220178000.0,6289000.0,-14457000.0,2363000.0,,46612000.0,1435000.0
CEVA,2014-12-31,False,FY,2014,10-K,50808000.0,1462000.0,-819000.0,-0.04,-0.04,0.0,208009000.0,115640000.0,20459000.0,16166000.0,179049000.0,9109000.0,-892000.0,-15683000.0,,46612000.0,1416000.0
CEVA,2015-06-30,False,Q2,2015,10-Q,13359000.0,30000.0,168000.0,0.01,0.01,0.0,207333000.0,86055000.0,17217000.0,12084000.0,180867000.0,2310000.0,-1845000.0,-4509000.0,,46612000.0,746000.0
CEVA,2014-09-30,False,Q3,2014,10-Q,14098000.0,1230000.0,656000.0,0.03,0.03,0.0,210488000.0,129306000.0,22085000.0,14042000.0,179455000.0,6068000.0,523000.0,-16280000.0,,46415000.0,758000.0
CEVA,2015-03-31,False,Q1,2015,10-Q,13834000.0,563000.0,486000.0,0.02,0.02,0.0,211153000.0,107646000.0,19556000.0,13993000.0,182744000.0,-672000.0,-1042000.0,-465000.0,,46612000.0,377000.0
CEVA,2016-03-31,False,Q1,2016,10-Q,16508000.0,1822000.0,1800000.0,0.09,0.09,0.0,214218000.0,115863000.0,18778000.0,11315000.0,187272000.0,236000.0,-5349000.0,-2505000.0,,46612000.0,411000.0
CEVA,2016-06-30,False,Q2,2016,10-Q,17103000.0,2647000.0,2711000.0,0.13,0.13,0.0,220106000.0,137118000.0,17828000.0,18664000.0,194077000.0,-1295000.0,1113000.0,-25000.0,,46612000.0,740000.0
CEVA,2015-12-31,False,FY,2015,10-K,59499000.0,6312000.0,6267000.0,0.31,0.3,0.0,212649000.0,106027000.0,18983000.0,18909000.0,186095000.0,19380000.0,-9645000.0,-6953000.0,,46612000.0,2184000.0
CEVA,2017-09-30,False,Q3,2017,10-Q,24044000.0,6210000.0,5850000.0,0.27,0.26,0.0,267175000.0,155829000.0,18467000.0,22931000.0,238956000.0,17698000.0,-20223000.0,6898000.0,,46612000.0,3340000.0
CEVA,2015-09-30,False,Q3,2015,10-Q,16235000.0,3491000.0,3309000.0,0.16,0.16,0.0,208209000.0,98097000.0,16386000.0,16316000.0,183256000.0,7812000.0,-1262000.0,-6362000.0,,46612000.0,1173000.0
CEVA,2017-06-30,False,Q2,2017,10-Q,20575000.0,2170000.0,3908000.0,0.18,0.17,0.0,256283000.0,135208000.0,17180000.0,17103000.0,229653000.0,10552000.0,-17716000.0,5741000.0,,46612000.0,2275000.0
CEVA,2016-09-30,False,Q3,2016,10-Q,17846000.0,3788000.0,3388000.0,0.16,0.15,0.0,234487000.0,140076000.0,21279000.0,19998000.0,204675000.0,1966000.0,-6447000.0,5581000.0,,46612000.0,2031000.0
CEVA,2016-12-31,False,FY,2016,10-K,72653000.0,14386000.0,13100000.0,0.63,0.61,0.0,242495000.0,144712000.0,22595000.0,18401000.0,211551000.0,14459000.0,-21030000.0,6198000.0,,46612000.0,2387000.0
CEVA,2017-12-31,False,FY,2017,10-K,87507000.0,15873000.0,17028000.0,0.78,0.75,0.0,276812000.0,159076000.0,22795000.0,21739000.0,244670000.0,24469000.0,-28786000.0,7487000.0,,46612000.0,4135000.0
CEVA,2018-03-31,False,Q1,2018,10-Q,17569000.0,-2908000.0,-2182000.0,-0.1,-0.1,0.0,286542000.0,164326000.0,23543000.0,18382000.0,252815000.0,1783000.0,-4757000.0,-397000.0,,46612000.0,455000.0
CEVA,2018-09-30,False,Q3,2018,10-Q,21413000.0,2152000.0,2543000.0,0.12,0.11,0.0,275251000.0,149493000.0,21063000.0,9212000.0,244388000.0,4082000.0,-1995000.0,-14493000.0,,46612000.0,2913000.0
CEVA,2018-06-30,False,Q2,2018,10-Q,17494000.0,-2661000.0,-2090000.0,-0.09,-0.09,0.0,274817000.0,149938000.0,20850000.0,10700000.0,244366000.0,3801000.0,-5362000.0,-9372000.0,,46612000.0,2250000.0
