symbol,end_date,amend,period_focus,fiscal_year,doc_type,revenues,op_income,net_income,eps_basic,eps_diluted,dividend,assets,cur_assets,cur_liab,cash,equity,cash_flow_op,cash_flow_inv,cash_flow_fin,debt,goodwill,cap_ex
CIDM,2018-12-31,False,Q3,2019,10-Q,14643000.0,-612000.0,-3347000.0,-0.09,-0.09,0.0,105814000.0,68009000.0,94290000.0,17141000.0,-31164000.0,6333000.0,-1179000.0,-5965000.0,26405000.0,8701000.0,1068000.0
CIDM,2013-09-30,False,Q2,2014,10-Q,20367000.0,-118000.0,-5256000.0,-0.1,-0.1,0.0,264027000.0,63022000.0,,12389000.0,-254799000.0,16960000.0,-1780000.0,-16239000.0,221870000.0,12739000.0,618000.0
CIDM,2013-12-31,False,Q3,2014,10-Q,34885000.0,2297000.0,-10471000.0,-0.05,-0.05,0.0,322242000.0,111508000.0,120178000.0,18863000.0,-16653000.0,23617000.0,-50163000.0,31961000.0,256942000.0,8542000.0,914000.0
CIDM,2013-06-30,False,Q1,2014,10-Q,19625000.0,-1779000.0,-7077000.0,-0.15,-0.15,0.0,275785000.0,64360000.0,87594000.0,13611000.0,-23950000.0,9678000.0,-874000.0,-8641000.0,234258000.0,12739000.0,141000.0
CIDM,2012-06-30,False,Q1,2013,10-Q,20904000.0,1940000.0,-5241000.0,-0.12,-0.12,0.0,303630000.0,67180000.0,69788000.0,19512000.0,-2134000.0,1970000.0,3558000.0,-3859000.0,214824000.0,7101000.0,2007000.0
CIDM,2014-03-31,False,FY,2014,10-K,104328000.0,6386000.0,-26220000.0,-0.25,-0.25,0.0,345998000.0,124474000.0,129476000.0,50215000.0,10227000.0,39594000.0,-52009000.0,49182000.0,247434000.0,25494000.0,1356000.0
CIDM,2012-12-31,False,Q3,2013,10-Q,23212000.0,3774000.0,-1873000.0,-0.03,-0.03,0.0,294882000.0,73767000.0,82081000.0,17321000.0,-5726000.0,23991000.0,-356000.0,-24157000.0,237011000.0,7101000.0,4354000.0
CIDM,2012-09-30,False,Q2,2013,10-Q,22609000.0,3578000.0,-2700000.0,-0.06,-0.06,0.0,300044000.0,70605000.0,77260000.0,20270000.0,-4404000.0,15228000.0,1169000.0,-13970000.0,244867000.0,7101000.0,3793000.0
CIDM,2014-06-30,False,Q1,2015,10-Q,22857000.0,-5657000.0,-10752000.0,-0.14,-0.14,0.0,303386000.0,90733000.0,108319000.0,36742000.0,-49000.0,2424000.0,-818000.0,-15079000.0,232974000.0,27944000.0,331000.0
CIDM,2013-03-31,False,FY,2013,10-K,88080000.0,12164000.0,-21422000.0,-0.44,-0.44,0.0,284058000.0,62802000.0,80299000.0,13448000.0,-17314000.0,29369000.0,-4250000.0,-29514000.0,242427000.0,12739000.0,6476000.0
CIDM,2012-03-31,False,FY,2012,10-K,76557000.0,15194000.0,-23396000.0,-0.65,-0.65,0.0,290137000.0,63393000.0,60436000.0,17843000.0,-11473000.0,39938000.0,-17315000.0,-15528000.0,,5765000.0,16395000.0
CIDM,2015-06-30,False,Q1,2016,10-Q,22828000.0,-5368000.0,-11319000.0,-0.16,-0.16,0.0,277008000.0,112181000.0,124192000.0,29247000.0,-43654000.0,2105000.0,-20000.0,8163000.0,147300000.0,26701000.0,580000.0
CIDM,2015-03-31,False,FY,2015,10-K,105484000.0,-8842000.0,-31664000.0,-0.37,-0.37,0.0,279705000.0,106943000.0,137814000.0,18999000.0,-19137000.0,9211000.0,1197000.0,-41624000.0,17965000.0,26701000.0,1571000.0
CIDM,2014-12-31,False,Q3,2015,10-Q,31276000.0,3133000.0,-2364000.0,-0.03,-0.03,0.0,317146000.0,128014000.0,156351000.0,29594000.0,-8527000.0,11505000.0,884000.0,-33010000.0,216160000.0,32701000.0,1203000.0
CIDM,2011-12-31,False,Q3,2012,10-Q,19793000.0,3402000.0,-10729000.0,-0.1,,0.0,298602000.0,63067000.0,53253000.0,16614000.0,-6487000.0,29751000.0,-17200000.0,-6685000.0,,5765000.0,16916000.0
CIDM,2014-09-30,False,Q2,2015,10-Q,23721000.0,356000.0,-7433000.0,-0.06,-0.06,0.0,329784000.0,129764000.0,155180000.0,29746000.0,-6778000.0,2547000.0,1469000.0,-24485000.0,224127000.0,32701000.0,620000.0
CIDM,2015-12-31,False,Q3,2016,10-Q,30708000.0,3344000.0,-2552000.0,-0.04,-0.04,0.0,242205000.0,124109000.0,117584000.0,26237000.0,-67182000.0,15078000.0,-362000.0,-7478000.0,66965000.0,8701000.0,1411000.0
CIDM,2016-03-31,False,FY,2016,10-K,104449000.0,-21146000.0,-42098000.0,-6.51,-6.51,0.0,209398000.0,101845000.0,100833000.0,25481000.0,-73027000.0,25504000.0,-1389000.0,-17633000.0,116900000.0,8701000.0,1381000.0
CIDM,2015-12-31,True,Q3,2016,10-Q,30708000.0,3344000.0,-2552000.0,-0.04,-0.04,0.0,242205000.0,124109000.0,117584000.0,26237000.0,-67182000.0,15078000.0,-362000.0,-7478000.0,66965000.0,8701000.0,1411000.0
CIDM,2015-12-31,True,Q3,2016,10-Q,30708000.0,3344000.0,-2552000.0,-0.04,-0.04,0.0,242205000.0,124109000.0,117584000.0,26237000.0,-67182000.0,15078000.0,-362000.0,-7478000.0,66965000.0,8701000.0,1411000.0
CIDM,2011-06-30,False,Q1,2012,10-Q,23500000.0,2257000.0,-6482000.0,-0.2,-0.2,0.0,300901000.0,49626000.0,48271000.0,11443000.0,-3884000.0,7292000.0,-2221000.0,-4376000.0,,5874000.0,3632000.0
CIDM,2011-09-30,False,Q2,2012,10-Q,23517000.0,5989000.0,-317000.0,-0.01,-0.01,0.0,307743000.0,60400000.0,46342000.0,17832000.0,3607000.0,17685000.0,-10862000.0,261000.0,,5874000.0,13421000.0
CIDM,2017-09-30,False,Q2,2018,10-Q,16278000.0,1000.0,-7543000.0,-0.6,-0.6,0.0,108651000.0,53977000.0,125932000.0,9661000.0,-76410000.0,20460000.0,-345000.0,-23020000.0,74600000.0,8701000.0,345000.0
CIDM,2016-06-30,False,Q1,2017,10-Q,22475000.0,275000.0,-4643000.0,-0.7,-0.7,0.0,191640000.0,93168000.0,102043000.0,14380000.0,-77004000.0,6752000.0,-153000.0,-17700000.0,105800000.0,8701000.0,152000.0
CIDM,2015-09-30,False,Q2,2016,10-Q,27704000.0,-17938000.0,-23074000.0,-0.35,-0.35,0.0,238906000.0,109578000.0,109959000.0,18963000.0,-66069000.0,4626000.0,-453000.0,-4209000.0,67204000.0,8701000.0,1049000.0
CIDM,2017-06-30,False,Q1,2018,10-Q,15240000.0,-896000.0,-5235000.0,-0.48,-0.48,0.0,128210000.0,68381000.0,89126000.0,9792000.0,-74668000.0,4626000.0,-227000.0,-7173000.0,50000000.0,8701000.0,227000.0
CIDM,2018-03-31,False,FY,2018,10-K,,,,,,0.0,,,,,,,,,,,
CIDM,2016-09-30,False,Q2,2017,10-Q,23880000.0,4492000.0,-557000.0,-0.08,-0.08,0.0,176233000.0,90257000.0,89702000.0,14412000.0,-76299000.0,13852000.0,-246000.0,-24675000.0,92100000.0,8701000.0,242000.0
CIDM,2018-09-30,False,Q2,2019,10-Q,13744000.0,-897000.0,-3568000.0,-0.09,-0.09,0.0,99308000.0,58430000.0,82391000.0,15691000.0,-28655000.0,1557000.0,-859000.0,-2959000.0,29965000.0,8701000.0,855000.0
CIDM,2018-06-30,False,Q1,2019,10-Q,13078000.0,-439000.0,-3356000.0,-0.09,-0.09,0.0,108060000.0,64346000.0,91502000.0,17820000.0,-25497000.0,5315000.0,-197000.0,-5250000.0,31460000.0,8701000.0,194000.0
CIDM,2017-03-31,False,FY,2017,10-K,90394000.0,6757000.0,-15485000.0,-1.92,-1.92,0.0,151334000.0,86450000.0,101861000.0,12566000.0,-70703000.0,31699000.0,-486000.0,-44128000.0,84300000.0,8701000.0,481000.0
CIDM,2016-12-31,False,Q3,2017,10-Q,24445000.0,2959000.0,-552000.0,-0.07,-0.07,0.0,177116000.0,106373000.0,94957000.0,16831000.0,-72425000.0,24612000.0,-380000.0,-32882000.0,90800000.0,8701000.0,375000.0
CIDM,2017-12-31,False,Q3,2018,10-Q,18492000.0,-1369000.0,-5998000.0,-0.2,-0.2,0.0,122227000.0,71532000.0,84760000.0,17218000.0,-22405000.0,14096000.0,-534000.0,-8910000.0,43600000.0,8701000.0,531000.0
CIDM,2018-03-31,False,FY,2018,10-K,67683000.0,723000.0,-18810000.0,-0.81,-0.81,0.0,121182000.0,74168000.0,76333000.0,17952000.0,-22304000.0,22397000.0,-931000.0,-16080000.0,40200000.0,8701000.0,925000.0
