symbol,end_date,amend,period_focus,fiscal_year,doc_type,revenues,op_income,net_income,eps_basic,eps_diluted,dividend,assets,cur_assets,cur_liab,cash,equity,cash_flow_op,cash_flow_inv,cash_flow_fin,debt,goodwill,cap_ex
CLB,2011-03-31,False,Q1,2011,10-Q,206733000.0,,46290000.0,1.02,0.94,0.25,597274000.0,304719000.0,252511000.0,80011000.0,283016000.0,58022000.0,4624000.0,-107267000.0,,154217000.0,4379000.0
CLB,2018-12-31,False,FY,2018,10-K,700846000.0,118622000.0,79526000.0,1.8,1.79,2.2,648827000.0,230977000.0,102547000.0,13116000.0,160900000.0,111827000.0,-70639000.0,-42472000.0,292000000.0,219412000.0,21741000.0
CLB,2010-06-30,False,Q2,2010,10-Q,198902000.0,,34216000.0,0.77,0.71,0.06,652661000.0,373971000.0,337412000.0,173622000.0,234393000.0,111360000.0,-22634000.0,-96149000.0,,154217000.0,12696000.0
CLB,2010-09-30,False,Q3,2010,10-Q,199221000.0,,38554000.0,0.86,0.79,0.71,645029000.0,363616000.0,323405000.0,167953000.0,247990000.0,169129000.0,-29636000.0,-152585000.0,,154217000.0,19661000.0
CLB,2011-09-30,False,Q3,2011,10-Q,231344000.0,,44867000.0,0.96,0.93,0.25,562901000.0,254423000.0,210119000.0,17021000.0,138050000.0,146829000.0,-39474000.0,-224214000.0,239586000.0,162326000.0,18203000.0
CLB,2011-06-30,False,Q2,2011,10-Q,225785000.0,,40451000.0,0.88,0.83,0.25,552233000.0,254691000.0,236098000.0,24561000.0,252202000.0,97954000.0,-12304000.0,-194969000.0,89747000.0,154217000.0,11984000.0
CLB,2010-12-31,False,FY,2010,10-K,794653000.0,,144917000.0,3.23,3.0,0.89,636042000.0,349320000.0,279353000.0,133880000.0,292340000.0,205832000.0,-38581000.0,-214416000.0,,154217000.0,27569000.0
CLB,2010-12-31,False,FY,2010,10-K,794653000.0,,144917000.0,3.23,3.0,0.89,636042000.0,349320000.0,279353000.0,133880000.0,292340000.0,205832000.0,-38581000.0,-214416000.0,,154217000.0,27569000.0
CLB,2013-03-31,False,Q1,2013,10-Q,260927000.0,,56516000.0,1.22,1.22,0.32,655443000.0,312867000.0,150750000.0,22927000.0,187907000.0,68258000.0,-9567000.0,-54990000.0,241061000.0,163337000.0,8443000.0
CLB,2012-06-30,False,Q2,2012,10-Q,247006000.0,,52916000.0,1.11,1.11,0.28,622673000.0,291437000.0,126177000.0,23408000.0,224153000.0,100894000.0,-14754000.0,-92064000.0,206676000.0,163337000.0,14894000.0
CLB,2012-03-31,False,Q1,2012,10-Q,234191000.0,,53951000.0,1.13,1.13,0.28,610678000.0,284326000.0,131673000.0,23537000.0,214264000.0,53789000.0,-7987000.0,-51597000.0,199553000.0,162781000.0,7297000.0
CLB,2013-06-30,False,Q2,2013,10-Q,263139000.0,,59676000.0,1.3,1.29,0.32,655116000.0,308684000.0,140956000.0,23220000.0,187478000.0,136501000.0,-20994000.0,-111513000.0,250048000.0,163337000.0,17935000.0
CLB,2012-09-30,False,Q2,2012,10-Q,245428000.0,,54403000.0,1.15,1.14,0.28,638532000.0,301130000.0,118882000.0,24658000.0,236832000.0,152150000.0,-24745000.0,-132079000.0,213089000.0,163337000.0,24154000.0
CLB,2012-12-31,False,FY,2012,10-K,981080000.0,,216071000.0,4.58,4.54,1.12,636516000.0,296907000.0,140510000.0,19226000.0,187913000.0,237202000.0,-34004000.0,-213304000.0,234073000.0,163337000.0,31151000.0
CLB,2011-12-31,False,FY,2011,10-K,907648000.0,,184684000.0,3.99,3.82,0.28,605139000.0,280814000.0,137461000.0,29332000.0,181655000.0,204126000.0,-52018000.0,-256656000.0,225419000.0,162787000.0,29927000.0
CLB,2014-06-30,False,Q2,2014,10-Q,267562000.0,,63734000.0,1.43,1.42,0.5,689128000.0,322242000.0,133924000.0,29548000.0,136281000.0,131233000.0,-23553000.0,-103220000.0,333011000.0,163337000.0,19787000.0
CLB,2013-09-30,False,Q3,2013,10-Q,273163000.0,,61895000.0,1.36,1.35,0.32,657476000.0,307828000.0,137830000.0,22204000.0,184291000.0,210648000.0,-31822000.0,-175848000.0,256039000.0,163337000.0,26988000.0
CLB,2014-03-31,False,Q1,2014,10-Q,262903000.0,,61064000.0,1.36,1.35,0.5,680363000.0,318508000.0,148461000.0,23253000.0,166934000.0,65624000.0,-10475000.0,-56984000.0,279017000.0,163337000.0,7668000.0
CLB,2014-09-30,False,Q3,2014,10-Q,276135000.0,,66497000.0,1.51,1.5,0.5,685132000.0,311268000.0,127037000.0,25307000.0,101775000.0,205659000.0,-31961000.0,-173479000.0,370005000.0,164472000.0,27624000.0
CLB,2012-12-31,False,FY,2012,10-K,981080000.0,,216071000.0,4.58,4.54,1.12,636516000.0,296907000.0,140510000.0,19226000.0,187913000.0,237202000.0,-34004000.0,-213304000.0,234073000.0,163337000.0,31151000.0
CLB,2017-06-30,False,Q2,2017,10-Q,163903000.0,,22690000.0,0.51,0.51,0.55,583758000.0,206222000.0,100806000.0,14318000.0,151452000.0,48476000.0,-9917000.0,-39005000.0,150000000.0,179044000.0,9362000.0
CLB,2015-03-31,False,Q1,2015,10-Q,213643000.0,,31399000.0,0.72,0.72,0.55,630008000.0,256728000.0,131526000.0,19137000.0,32545000.0,79578000.0,-6976000.0,-76815000.0,373000000.0,164464000.0,6869000.0
CLB,2016-06-30,False,Q2,2016,10-Q,148069000.0,,16624000.0,0.38,0.38,0.55,572106000.0,194985000.0,96215000.0,14778000.0,166951000.0,73814000.0,-5832000.0,-75698000.0,150000000.0,178159000.0,5302000.0
CLB,2014-12-31,False,FY,2014,10-K,1085222000.0,,257485000.0,5.8,5.77,2.0,675653000.0,301820000.0,131866000.0,23350000.0,93993000.0,303449000.0,-42066000.0,-263121000.0,356000000.0,164464000.0,36586000.0
CLB,2015-09-30,False,Q3,2015,10-Q,197265000.0,,33404000.0,0.79,0.78,0.55,635105000.0,242223000.0,124063000.0,18461000.0,-5915000.0,169770000.0,-34619000.0,-140040000.0,278000000.0,178159000.0,18276000.0
CLB,2015-06-30,False,Q2,2015,10-Q,203889000.0,,34626000.0,0.81,0.81,0.55,658985000.0,266648000.0,136880000.0,22580000.0,7260000.0,126292000.0,-27377000.0,-99685000.0,421622000.0,178718000.0,12310000.0
CLB,2016-12-31,False,FY,2016,10-K,594741000.0,,63895000.0,1.47,1.46,2.2,573052000.0,186461000.0,104023000.0,14764000.0,155297000.0,131887000.0,-14721000.0,-124896000.0,218000000.0,179044000.0,11356000.0
CLB,2017-09-30,False,Q3,2017,10-Q,166247000.0,,21086000.0,0.48,0.48,0.55,582744000.0,203129000.0,93138000.0,13780000.0,153297000.0,78355000.0,-15254000.0,-64085000.0,150000000.0,179044000.0,14264000.0
CLB,2016-09-30,False,Q3,2016,10-Q,143483000.0,,16730000.0,0.38,0.38,0.55,562138000.0,185354000.0,93542000.0,17219000.0,162797000.0,108684000.0,-10497000.0,-103462000.0,150000000.0,179044000.0,7740000.0
CLB,2015-12-31,False,FY,2015,10-K,797520000.0,,114847000.0,2.69,2.68,2.2,625258000.0,238547000.0,120758000.0,22494000.0,-23699000.0,219100000.0,-39654000.0,-180302000.0,435244000.0,178159000.0,22797000.0
CLB,2017-03-31,False,Q1,2017,10-Q,157807000.0,,17658000.0,0.4,0.4,0.55,580416000.0,200981000.0,108797000.0,14342000.0,153347000.0,29761000.0,-6626000.0,-23557000.0,150000000.0,179044000.0,6449000.0
CLB,2016-03-31,False,Q1,2016,10-Q,153647000.0,,15082000.0,0.36,0.35,0.55,587250000.0,207410000.0,108416000.0,16665000.0,-27982000.0,46097000.0,-3018000.0,-48908000.0,259000000.0,178159000.0,2858000.0
CLB,2018-03-31,False,Q1,2018,10-Q,170018000.0,,23527000.0,0.53,0.53,0.55,597140000.0,220185000.0,104327000.0,13244000.0,151576000.0,23093000.0,-4617000.0,-19632000.0,236000000.0,179044000.0,4443000.0
CLB,2018-09-30,False,Q3,2018,10-Q,182146000.0,,22412000.0,0.51,0.5,0.55,666597000.0,239125000.0,103509000.0,14100000.0,161412000.0,73926000.0,-64865000.0,-9361000.0,298000000.0,222876000.0,16063000.0
CLB,2017-12-31,False,FY,2017,10-K,659809000.0,,83125000.0,1.88,1.88,2.2,584812000.0,207427000.0,105018000.0,14400000.0,148732000.0,124271000.0,-20557000.0,-104078000.0,228000000.0,179044000.0,18775000.0
CLB,2018-06-30,False,Q2,2018,10-Q,175475000.0,,24752000.0,0.56,0.56,0.55,604744000.0,225662000.0,100591000.0,13021000.0,157774000.0,50083000.0,-13314000.0,-38148000.0,244000000.0,178129000.0,11915000.0
