symbol,end_date,amend,period_focus,fiscal_year,doc_type,revenues,op_income,net_income,eps_basic,eps_diluted,dividend,assets,cur_assets,cur_liab,cash,equity,cash_flow_op,cash_flow_inv,cash_flow_fin,debt,goodwill,cap_ex
NBS,2012-09-30,False,Q3,2012,10-Q,4433961.0,-8089003.0,-9490925.0,-0.06,-0.06,0.0,128806060.0,47886255.0,50435274.0,5390611.0,53706468.0,-4227631.0,-2688108.0,10422534.0,183500.0,11117770.0,197577.0
NBS,2012-03-31,False,Q1,2012,10-Q,22056768.0,-6431459.0,-9455977.0,-0.07,-0.07,0.0,167284301.0,52975797.0,47135383.0,21771389.0,81777334.0,2106405.0,-110071.0,7185498.0,,19666460.0,110071.0
NBS,2011-12-31,False,FY,2011,10-K,73717980.0,-54537140.0,-47774234.0,-0.54,-0.54,0.0,155327780.0,38610336.0,36445450.0,12745432.0,80132518.0,-20927994.0,-2054580.0,20069370.0,,19613470.0,5910279.0
NBS,2011-06-30,False,Q2,2011,10-Q,18460723.0,-10018461.0,-10776549.0,-0.13,-0.13,0.0,170332404.0,43361513.0,38766834.0,4850411.0,90074481.0,-13265520.0,-6416706.0,8849663.0,,37216041.0,5237141.0
NBS,2011-09-30,False,Q3,2011,10-Q,17756144.0,-7380319.0,-7497090.0,-0.08,-0.08,0.0,168214682.0,45098607.0,31517651.0,11713338.0,100442529.0,-17522431.0,-3127902.0,16516524.0,,32586656.0,5453931.0
NBS,2014-03-31,False,Q1,2014,10-Q,4055575.0,-13498968.0,-13682057.0,-0.49,-0.49,0.0,86393625.0,46556104.0,8786218.0,41359652.0,59066952.0,-11253540.0,-1239606.0,7719039.0,1700000.0,11117770.0,1239606.0
CLBS,2018-09-30,False,Q3,2018,10-Q,,-3762806.0,-3550196.0,-0.36,-0.36,0.0,47853601.0,47252848.0,4892063.0,14374344.0,40809280.0,-16943731.0,-3640651.0,790737.0,,,133679.0
NBS,2012-06-30,False,Q2,2012,10-Q,3372097.0,-6811433.0,-20593727.0,-0.05,-0.05,0.0,138026183.0,52252104.0,48015270.0,2112582.0,51858571.0,-852346.0,-2316803.0,8726993.0,212000.0,11117770.0,176011.0
NBS,2013-09-30,False,Q3,2013,10-Q,3706918.0,-9312831.0,-9070757.0,-0.45,-0.45,0.0,57786209.0,20336741.0,10036071.0,16946200.0,35134395.0,-19737699.0,-948644.0,23895091.0,800000.0,11117770.0,948644.0
NBS,2013-06-30,False,Q2,2013,10-Q,4359406.0,-8170179.0,-8575359.0,-0.46,-0.46,0.0,53609813.0,16449347.0,8384878.0,14722478.0,32992175.0,-13125769.0,-268535.0,14379330.0,500000.0,11117770.0,268535.0
NBS,2013-12-31,False,FY,2013,10-K,14668455.0,-36808951.0,-38981244.0,-1.9,-1.9,0.0,89816082.0,50826750.0,9806919.0,46133759.0,62026435.0,-27101693.0,-2691471.0,62189471.0,3023609.0,11117770.0,2691471.0
NBS,2013-03-31,False,Q1,2013,10-Q,2523912.0,-8831375.0,-8800575.0,-0.05,-0.05,0.0,49897120.0,12676470.0,9228166.0,9253591.0,29004265.0,-7135733.0,-53571.0,2705443.0,300000.0,11117770.0,53571.0
NBS,2012-12-31,False,FY,2012,10-K,14329889.0,-30385651.0,-55310326.0,-0.26,-0.26,0.0,54406263.0,16707216.0,9949427.0,13737452.0,32820159.0,-13852518.0,6088380.0,8741769.0,374100.0,11117770.0,531315.0
NBS,2014-06-30,False,Q2,2014,10-Q,4488932.0,-12430462.0,-12605018.0,-0.4,-0.4,0.0,133395891.0,40854425.0,11912327.0,32865071.0,77297305.0,-22506240.0,-3308201.0,12545753.0,1800000.0,26079536.0,2439266.0
NBS,2014-09-30,False,Q3,2014,10-Q,4117783.0,-16258500.0,-16974269.0,-0.48,-0.48,0.0,131338677.0,41413941.0,11854615.0,32141286.0,62058972.0,-35991241.0,-3547353.0,25546121.0,19500000.0,25209336.0,2925918.0
NBS,2014-12-31,False,FY,2014,10-K,17938790.0,-57740754.0,-54872933.0,-1.68,-1.68,0.0,126275392.0,36281544.0,16244582.0,19174061.0,58073789.0,-46895238.0,-10736699.0,30672239.0,0.0,25209336.0,3657352.0
NBS,2015-03-31,False,Q1,2015,10-Q,3172279.0,-18087864.0,-19186896.0,-0.51,-0.51,0.0,118813911.0,29018262.0,17462851.0,19131285.0,49968559.0,-14240267.0,6704470.0,7493021.0,18900000.0,25209336.0,344530.0
CLBS,2016-06-30,False,Q2,2016,10-Q,8300439.0,-7484951.0,-7834716.0,-1.33,-1.33,0.0,56712900.0,29253937.0,22356813.0,17699686.0,5636628.0,-14575555.0,-1703297.0,13660127.0,10200000.0,7013315.0,1703297.0
CLBS,2015-06-30,False,Q2,2015,10-Q,5866963.0,-25668950.0,-17126260.0,-0.38,-0.38,0.0,128624746.0,47474589.0,16331236.0,36211324.0,65953341.0,-21827019.0,2233236.0,36631046.0,18800000.0,25209336.0,1802607.0
CLBS,2015-09-30,False,Q3,2015,10-Q,5888450.0,-10383008.0,-11375950.0,-0.21,-0.21,0.0,119702548.0,38481687.0,19739942.0,24042699.0,54996419.0,-30530623.0,-921156.0,36320417.0,18500000.0,25209336.0,2573784.0
CLBS,2015-12-31,False,FY,2015,10-K,22487566.0,-113849166.0,-80885952.0,-1.67,-1.67,0.0,57205295.0,29272432.0,21015223.0,20318411.0,23283824.0,-39258331.0,3798377.0,36604304.0,1800000.0,7013315.0,3185737.0
CLBS,2016-09-30,False,Q3,2016,10-Q,9317473.0,-6860853.0,-6882533.0,-1.09,-1.09,0.0,57278938.0,29964763.0,18553232.0,18606743.0,9989495.0,-20292230.0,-2315753.0,20896315.0,5700000.0,7013315.0,2315753.0
CLBS,2017-06-30,False,Q2,2017,10-Q,300000.0,-7710317.0,38719009.0,-0.22,-0.22,0.0,72247860.0,70412544.0,14551394.0,23044844.0,54036638.0,-15577122.0,26829315.0,-2912357.0,600000.0,,97052.0
CLBS,2016-03-31,False,Q1,2016,10-Q,7489479.0,-11073286.0,-11980917.0,-0.21,-0.21,0.0,63184946.0,35617964.0,18463711.0,25426166.0,13182995.0,-8028298.0,-1044827.0,14180880.0,10600000.0,7013315.0,1044827.0
CLBS,2017-03-31,False,Q1,2017,10-Q,7922700.0,-9531700.0,-9359827.0,-1.12,-1.12,0.0,48528422.0,21933848.0,23212380.0,11997606.0,-1975834.0,-10087908.0,-171276.0,7551782.0,4894400.0,7013315.0,171276.0
CLBS,2017-09-30,False,Q3,2017,10-Q,700000.0,-6129901.0,-3428440.0,-0.38,-0.38,0.0,67555259.0,65773702.0,11374778.0,15077872.0,52980327.0,-16906232.0,23036191.0,-754446.0,400000.0,,118478.0
CLBS,2016-12-31,False,FY,2016,10-K,35283900.0,-31335800.0,-32656319.0,-4.99,-4.99,0.0,51832848.0,24648961.0,19501299.0,14705008.0,4066480.0,-23667682.0,-2849296.0,20903575.0,5651400.0,7013315.0,2849296.0
CLBS,2017-12-31,False,FY,2017,10-K,1300000.0,-27593039.0,22978700.0,2.56,2.56,0.0,63375682.0,61109645.0,9313217.0,29163200.0,50189786.0,-20875882.0,41270630.0,-931767.0,5700000.0,,135281.0
CLBS,2018-03-31,False,Q1,2018,10-Q,7900000.0,-5158684.0,-4982579.0,-0.52,-0.52,0.0,56716514.0,54529273.0,7957284.0,21600899.0,45315621.0,-6298477.0,-1188441.0,-72641.0,100000.0,,8528.0
CLBS,2018-06-30,False,Q2,2018,10-Q,5400000.0,-4269180.0,-4076371.0,-0.42,-0.42,0.0,52092513.0,51551584.0,5828029.0,22725383.0,43466551.0,-12183951.0,650321.0,91024.0,,,10652.0
