symbol,end_date,amend,period_focus,fiscal_year,doc_type,revenues,op_income,net_income,eps_basic,eps_diluted,dividend,assets,cur_assets,cur_liab,cash,equity,cash_flow_op,cash_flow_inv,cash_flow_fin,debt,goodwill,cap_ex
CLR,2012-06-30,False,Q2,2012,10-Q,1004719000.0,686474000.0,405684000.0,2.26,2.25,0.0,7254312000.0,930576000.0,1081990000.0,29137000.0,2791497000.0,770830000.0,-1773492000.0,978255000.0,2254837000.0,,1778808000.0
CLR,2011-09-30,False,Q3,2011,10-Q,968989000.0,727618000.0,439143000.0,2.45,2.44,0.0,5099577000.0,907824000.0,880727000.0,42275000.0,2418618000.0,669814000.0,-1263139000.0,627684000.0,,,1245688000.0
CLR,2012-03-31,False,Q1,2012,10-Q,395100000.0,135591000.0,69094000.0,0.38,0.38,0.0,6530197000.0,985375000.0,1176051000.0,42683000.0,2379369000.0,364944000.0,-995115000.0,619310000.0,1894223000.0,,1012308000.0
CLR,2010-09-30,False,Q3,2010,10-Q,219450000.0,76356000.0,39077000.0,0.23,0.23,0.0,3334625000.0,598020000.0,527306000.0,149477000.0,1248751000.0,495340000.0,-708953000.0,348868000.0,,,719843000.0
CLR,2012-09-30,False,Q3,2012,10-Q,483729000.0,105522000.0,44096000.0,0.24,0.24,0.0,8226350000.0,1194282000.0,1097484000.0,259445000.0,2925371000.0,1147897000.0,-2591127000.0,1649131000.0,2945676000.0,,2584434000.0
CLR,2013-03-31,False,Q1,2013,10-Q,710229000.0,270146000.0,140627000.0,0.76,0.76,0.0,9932176000.0,1080592000.0,1217058000.0,58546000.0,3312080000.0,458111000.0,-873153000.0,437859000.0,3978766000.0,,857523000.0
CLR,2018-12-31,False,FY,2018,10-K,4709586000.0,1593720000.0,988317000.0,2.66,2.64,0.0,15297947000.0,1412361000.0,1387509000.0,282749000.0,6421861000.0,3456008000.0,-2860172000.0,-356934000.0,5768349000.0,,2840880000.0
CLR,2011-06-30,False,Q2,2011,10-Q,602892000.0,404308000.0,239194000.0,1.33,1.33,0.0,4652371000.0,991501000.0,858556000.0,261408000.0,1975688000.0,428966000.0,-803616000.0,628142000.0,,,797414000.0
CLR,2010-12-31,False,FY,2010,10-K,839065000.0,310321000.0,168255000.0,1.0,0.99,0.0,3591785000.0,582326000.0,702222000.0,7916000.0,1208155000.0,653167000.0,-1039416000.0,379943000.0,,,1031499000.0
CLR,2011-12-31,False,FY,2011,10-K,1649789000.0,760752000.0,429072000.0,2.42,2.41,0.0,5646086000.0,936373000.0,1111801000.0,53544000.0,2308126000.0,1067915000.0,-2004714000.0,982427000.0,,,1925577000.0
CLR,2012-12-31,False,FY,2012,10-K,2572520000.0,1292807000.0,739385000.0,4.08,4.07,0.0,9140009000.0,946783000.0,1125865000.0,35729000.0,3163699000.0,1632065000.0,-3903370000.0,2253490000.0,3539721000.0,,3493652000.0
CLR,2014-03-31,False,Q1,2014,10-Q,972495000.0,421317000.0,226234000.0,1.23,1.22,0.0,12764901000.0,1241575000.0,1567714000.0,51535000.0,4187761000.0,690662000.0,-1019480000.0,351871000.0,5307584000.0,,993682000.0
CLR,2011-03-31,False,Q1,2011,10-Q,-36210000.0,-202893000.0,-137201000.0,-0.8,-0.8,0.0,4513460000.0,1201245000.0,946206000.0,477440000.0,1733693000.0,195635000.0,-355323000.0,629212000.0,,,348011000.0
CLR,2013-12-31,False,FY,2013,10-K,3455150000.0,1445767000.0,764219000.0,4.15,4.13,0.0,11941182000.0,1147266000.0,1473156000.0,28482000.0,3953118000.0,2563295000.0,-3711011000.0,1140469000.0,4876000000.0,,3660773000.0
CLR,2013-09-30,False,Q3,2013,10-Q,823835000.0,328043000.0,167498000.0,0.91,0.91,0.0,11420288000.0,1213181000.0,1468071000.0,91507000.0,3820613000.0,1978453000.0,-2799388000.0,876713000.0,4510056000.0,,2767448000.0
CLR,2013-06-30,False,Q2,2013,10-Q,1100752000.0,573872000.0,323270000.0,1.76,1.75,0.0,10899982000.0,1293630000.0,1257426000.0,220413000.0,3643340000.0,1156945000.0,-1850177000.0,877916000.0,4442801000.0,,1823215000.0
CLR,2010-06-30,False,Q2,2010,10-Q,279968000.0,176323000.0,101741000.0,0.6,0.6,0.0,2891619000.0,413289000.0,451373000.0,15232000.0,1209473000.0,390225000.0,-462564000.0,73349000.0,,,469484000.0
CLR,2014-12-31,False,FY,2014,10-K,4801618000.0,1867836000.0,977341000.0,2.65,2.64,0.0,15145070000.0,1389601000.0,1952013000.0,24381000.0,4967844000.0,3355715000.0,-4587399000.0,1227715000.0,5997915000.0,,4604468000.0
CLR,2015-03-31,False,Q1,2015,10-Q,625644000.0,-111276000.0,-131971000.0,-0.36,-0.36,0.0,15435264000.0,1200880000.0,1600939000.0,47645000.0,4841038000.0,522190000.0,-1278404000.0,784383000.0,6786909000.0,,1267252000.0
CLR,2014-09-30,False,Q3,2014,10-Q,1645328000.0,944897000.0,533521000.0,1.45,1.44,0.0,14712087000.0,1598876000.0,1804517000.0,152290000.0,4848210000.0,2277851000.0,-3226260000.0,1072217000.0,6077616000.0,,3255327000.0
CLR,2015-12-31,False,FY,2015,10-K,2680167000.0,-224001000.0,-353668000.0,-0.96,-0.96,0.0,14919808000.0,822339000.0,923028000.0,11463000.0,4668900000.0,1857101000.0,-3046247000.0,1187189000.0,7117788000.0,,3042747000.0
CLR,2016-09-30,False,Q3,2016,10-Q,526199000.0,-93183000.0,-109621000.0,-0.3,-0.3,0.0,13865252000.0,750875000.0,802350000.0,19496000.0,4260698000.0,863888000.0,-550221000.0,-305641000.0,6832338000.0,,878928000.0
CLR,2014-06-30,False,Q2,2014,10-Q,886095000.0,236394000.0,103538000.0,0.56,0.56,0.0,14377506000.0,2123036000.0,2129142000.0,776963000.0,4304261000.0,1432453000.0,-2077287000.0,1393315000.0,6507194000.0,,2052870000.0
CLR,2015-06-30,False,Q2,2015,10-Q,796374000.0,82447000.0,403000.0,0.0,0.0,0.0,15409851000.0,1200313000.0,1315569000.0,25458000.0,4856027000.0,916812000.0,-1963303000.0,1051666000.0,6990156000.0,,1972887000.0
CLR,2015-09-30,False,Q3,2015,10-Q,682669000.0,-52356000.0,-82423000.0,-0.22,-0.22,0.0,15205877000.0,986908000.0,1149917000.0,16955000.0,4798577000.0,1415492000.0,-2597699000.0,1183697000.0,7110829000.0,,2598367000.0
CLR,2016-12-31,False,FY,2016,10-K,1980273000.0,-287534000.0,-399679000.0,-1.08,-1.08,0.0,13811776000.0,913233000.0,932393000.0,16643000.0,4301996000.0,1125919000.0,-532965000.0,-587773000.0,6579916000.0,,1154131000.0
CLR,2016-06-30,False,Q2,2016,10-Q,451211000.0,-110547000.0,-119402000.0,-0.32,-0.32,0.0,14359736000.0,797212000.0,818059000.0,16560000.0,4366949000.0,497721000.0,-517794000.0,25161000.0,7151458000.0,,625126000.0
CLR,2016-03-31,False,Q1,2016,10-Q,453174000.0,-239103000.0,-198326000.0,-0.54,-0.54,0.0,14633389000.0,760181000.0,865358000.0,12927000.0,4475120000.0,278902000.0,-358811000.0,81342000.0,7205602000.0,,359090000.0
CLR,2017-09-30,False,Q3,2017,10-Q,726743000.0,91753000.0,10621000.0,0.03,0.03,0.0,13995087000.0,1060975000.0,1129459000.0,10765000.0,4276779000.0,1347981000.0,-1374254000.0,20361000.0,6614549000.0,,1444991000.0
CLR,2017-06-30,False,Q2,2017,10-Q,661486000.0,-29041000.0,-63557000.0,-0.17,-0.17,0.0,13871257000.0,934042000.0,1094978000.0,17190000.0,4254335000.0,916572000.0,-879320000.0,-36719000.0,6555990000.0,,877115000.0
CLR,2017-03-31,False,Q1,2017,10-Q,685427000.0,77221000.0,469000.0,0.0,0.0,0.0,13826060000.0,929506000.0,1005321000.0,17188000.0,4309354000.0,470201000.0,-389271000.0,-80385000.0,6510445000.0,,388596000.0
CLR,2018-06-30,False,Q2,2018,10-Q,1137113000.0,391276000.0,242464000.0,0.65,0.65,0.0,14798480000.0,1441289000.0,1484439000.0,129989000.0,5613488000.0,1639993000.0,-1343603000.0,-210277000.0,6215500000.0,,1334681000.0
CLR,2018-09-30,False,Q3,2018,10-Q,1282151000.0,491308000.0,314169000.0,0.84,0.84,0.0,15031060000.0,1369137000.0,1490449000.0,12896000.0,5938810000.0,2500741000.0,-2103483000.0,-428253000.0,6017300000.0,,2093010000.0
CLR,2018-03-31,False,Q1,2018,10-Q,1141028000.0,380722000.0,233946000.0,0.63,0.63,0.0,14377517000.0,1291055000.0,1391277000.0,98145000.0,5361221000.0,886191000.0,-628211000.0,-203724000.0,6168900000.0,,618200000.0
CLR,2017-12-31,False,FY,2017,10-K,3120828000.0,449401000.0,789447000.0,2.13,2.11,0.0,14199651000.0,1251725000.0,1330242000.0,43902000.0,5131203000.0,2079106000.0,-1808845000.0,-243034000.0,6420600000.0,,1931942000.0
