symbol,end_date,amend,period_focus,fiscal_year,doc_type,revenues,op_income,net_income,eps_basic,eps_diluted,dividend,assets,cur_assets,cur_liab,cash,equity,cash_flow_op,cash_flow_inv,cash_flow_fin,debt,goodwill,cap_ex
CLX,2018-12-31,False,Q2,2019,10-Q,1473000000.0,,182000000.0,1.42,1.4,0.96,5073000000.0,1365000000.0,1186000000.0,162000000.0,742000000.0,449000000.0,-77000000.0,-338000000.0,2285000000.0,1586000000.0,86000000.0
CLX,2011-12-31,False,Q2,2012,10-Q,1221000000.0,,105000000.0,0.79,0.79,0.6,4290000000.0,1348000000.0,1637000000.0,297000000.0,-199000000.0,168000000.0,-163000000.0,38000000.0,,1093000000.0,82000000.0
CLX,2012-09-30,False,Q1,2013,10-Q,1338000000.0,,133000000.0,1.02,1.01,0.64,4747000000.0,1745000000.0,1725000000.0,667000000.0,-20000000.0,208000000.0,-54000000.0,242000000.0,,1123000000.0,54000000.0
CLX,2011-09-30,False,Q1,2012,10-Q,1305000000.0,,130000000.0,0.99,0.98,0.6,4077000000.0,1238000000.0,1268000000.0,270000000.0,-76000000.0,131000000.0,-37000000.0,-77000000.0,,1053000000.0,37000000.0
CLX,2010-09-30,False,Q1,2011,10-Q,1266000000.0,,216000000.0,1.54,1.52,0.55,4793000000.0,1721000000.0,1697000000.0,286000000.0,279000000.0,148000000.0,-34000000.0,75000000.0,,1317000000.0,34000000.0
CLX,2011-03-31,False,Q3,2011,10-Q,1304000000.0,,151000000.0,1.1,1.09,0.55,4051000000.0,1204000000.0,1232000000.0,153000000.0,-82000000.0,406000000.0,613000000.0,-961000000.0,,1066000000.0,159000000.0
CLX,2012-12-31,False,Q2,2013,10-Q,1325000000.0,,123000000.0,0.94,0.93,0.64,4502000000.0,1552000000.0,1373000000.0,445000000.0,56000000.0,325000000.0,6000000.0,-155000000.0,,1119000000.0,102000000.0
CLX,2012-06-30,False,FY,2012,10-K,5468000000.0,,541000000.0,4.14,4.09,2.44,4355000000.0,1376000000.0,2061000000.0,267000000.0,-135000000.0,612000000.0,-277000000.0,-321000000.0,2421000000.0,1112000000.0,192000000.0
CLX,2010-06-30,False,FY,2010,10-K,5534000000.0,,603000000.0,4.28,4.24,2.05,4555000000.0,1124000000.0,1647000000.0,87000000.0,83000000.0,819000000.0,-231000000.0,-706000000.0,,1650000000.0,203000000.0
CLX,2012-03-31,False,Q3,2012,10-Q,1401000000.0,,132000000.0,1.02,1.01,0.6,4386000000.0,1442000000.0,2131000000.0,303000000.0,-106000000.0,325000000.0,-200000000.0,-78000000.0,,1120000000.0,119000000.0
CLX,2011-06-30,False,FY,2011,10-K,5231000000.0,,557000000.0,4.06,4.02,2.25,4163000000.0,1279000000.0,1365000000.0,259000000.0,-86000000.0,698000000.0,544000000.0,-1078000000.0,,1070000000.0,228000000.0
CLX,2013-09-30,False,Q1,2014,10-Q,1364000000.0,,136000000.0,1.04,1.03,0.71,4301000000.0,1420000000.0,1170000000.0,323000000.0,81000000.0,178000000.0,-27000000.0,-128000000.0,,1108000000.0,27000000.0
CLX,2013-03-31,False,Q3,2013,10-Q,1413000000.0,,133000000.0,1.01,1.0,0.64,4523000000.0,1588000000.0,1308000000.0,423000000.0,152000000.0,485000000.0,-27000000.0,-303000000.0,,1118000000.0,134000000.0
CLX,2010-12-31,False,Q2,2011,10-Q,1179000000.0,,21000000.0,0.15,0.15,0.55,4158000000.0,1344000000.0,1176000000.0,379000000.0,124000000.0,225000000.0,683000000.0,-622000000.0,,1063000000.0,89000000.0
CLX,2010-03-31,False,Q3,2010,10-Q,1366000000.0,,165000000.0,1.17,1.16,0.5,4743000000.0,1338000000.0,1772000000.0,241000000.0,180000000.0,443000000.0,-128000000.0,-280000000.0,,1658000000.0,111000000.0
CLX,2013-06-30,False,FY,2013,10-K,5623000000.0,,572000000.0,4.37,4.3,2.63,4311000000.0,1420000000.0,1134000000.0,299000000.0,146000000.0,775000000.0,-55000000.0,-685000000.0,2170000000.0,1105000000.0,194000000.0
CLX,2009-12-31,False,Q2,2010,10-Q,1279000000.0,,110000000.0,0.78,0.77,0.5,4489000000.0,1103000000.0,1372000000.0,154000000.0,27000000.0,246000000.0,-75000000.0,-225000000.0,,1646000000.0,76000000.0
CLX,2009-09-30,False,Q1,2010,10-Q,1372000000.0,,157000000.0,1.12,1.11,0.5,4598000000.0,1201000000.0,1866000000.0,237000000.0,-47000000.0,94000000.0,-33000000.0,-35000000.0,,1640000000.0,34000000.0
CLX,2014-03-31,False,Q3,2014,10-Q,1386000000.0,,137000000.0,1.05,1.04,0.71,4374000000.0,1520000000.0,1838000000.0,364000000.0,53000000.0,430000000.0,-89000000.0,-267000000.0,,1096000000.0,88000000.0
CLX,2014-09-30,False,Q1,2015,10-Q,1352000000.0,,90000000.0,0.7,0.68,0.74,4150000000.0,1351000000.0,1533000000.0,355000000.0,169000000.0,243000000.0,-27000000.0,-184000000.0,0.0,1087000000.0,29000000.0
CLX,2016-03-31,False,Q3,2016,10-Q,1426000000.0,,162000000.0,1.25,1.23,0.77,4284000000.0,1590000000.0,1387000000.0,414000000.0,259000000.0,447000000.0,-101000000.0,-301000000.0,,1059000000.0,113000000.0
CLX,2015-09-30,False,Q1,2016,10-Q,1390000000.0,,172000000.0,1.33,1.31,0.77,4095000000.0,1410000000.0,1351000000.0,383000000.0,119000000.0,147000000.0,-16000000.0,-120000000.0,,1052000000.0,28000000.0
CLX,2015-12-31,False,Q2,2016,10-Q,1345000000.0,,149000000.0,1.15,1.13,0.77,4175000000.0,1490000000.0,1358000000.0,390000000.0,198000000.0,185000000.0,-56000000.0,-104000000.0,,1051000000.0,68000000.0
CLX,2014-12-31,False,Q2,2015,10-Q,1345000000.0,,125000000.0,0.96,0.95,0.74,4674000000.0,1905000000.0,1744000000.0,819000000.0,281000000.0,277000000.0,-57000000.0,281000000.0,,1080000000.0,60000000.0
CLX,2013-12-31,False,Q2,2014,10-Q,1330000000.0,,115000000.0,0.89,0.87,0.71,4388000000.0,1500000000.0,1181000000.0,341000000.0,156000000.0,210000000.0,-62000000.0,-103000000.0,,1100000000.0,63000000.0
CLX,2014-06-30,False,FY,2014,10-K,5591000000.0,,558000000.0,4.31,4.23,2.87,4258000000.0,1395000000.0,1638000000.0,329000000.0,154000000.0,767000000.0,-138000000.0,-592000000.0,2170000000.0,1101000000.0,138000000.0
CLX,2016-12-31,False,Q2,2017,10-Q,1406000000.0,,149000000.0,1.16,1.14,0.8,4568000000.0,1549000000.0,2037000000.0,414000000.0,270000000.0,270000000.0,-114000000.0,-139000000.0,1790000000.0,1190000000.0,117000000.0
CLX,2015-06-30,False,FY,2015,10-K,5655000000.0,,580000000.0,4.45,4.37,2.99,4164000000.0,1429000000.0,1405000000.0,382000000.0,118000000.0,874000000.0,-106000000.0,-696000000.0,2096000000.0,1067000000.0,125000000.0
CLX,2016-09-30,False,Q1,2017,10-Q,1443000000.0,,179000000.0,1.39,1.36,0.8,4466000000.0,1416000000.0,1522000000.0,408000000.0,289000000.0,170000000.0,-58000000.0,-104000000.0,1789000000.0,1196000000.0,59000000.0
CLX,2017-03-31,False,Q3,2017,10-Q,1477000000.0,,172000000.0,1.34,1.31,0.8,4629000000.0,1603000000.0,1998000000.0,431000000.0,404000000.0,482000000.0,-136000000.0,-314000000.0,1790000000.0,1193000000.0,161000000.0
CLX,2016-06-30,False,FY,2016,10-K,5761000000.0,,648000000.0,5.01,4.92,3.11,4518000000.0,1485000000.0,1558000000.0,401000000.0,297000000.0,778000000.0,-430000000.0,-316000000.0,1797000000.0,1197000000.0,172000000.0
CLX,2015-03-31,False,Q3,2015,10-Q,1401000000.0,,174000000.0,1.31,1.3,0.74,4228000000.0,1495000000.0,1300000000.0,378000000.0,302000000.0,495000000.0,-80000000.0,-348000000.0,0.0,1067000000.0,83000000.0
CLX,2017-09-30,False,Q1,2018,10-Q,1500000000.0,,192000000.0,1.49,1.46,0.84,4600000000.0,1520000000.0,1376000000.0,468000000.0,592000000.0,258000000.0,-36000000.0,-176000000.0,2187000000.0,1203000000.0,49000000.0
CLX,2017-06-30,False,FY,2017,10-K,5973000000.0,,701000000.0,5.43,5.33,3.24,4573000000.0,1514000000.0,1809000000.0,418000000.0,542000000.0,868000000.0,-205000000.0,-645000000.0,1791000000.0,1196000000.0,231000000.0
CLX,2018-03-31,False,Q3,2018,10-Q,1517000000.0,,181000000.0,1.39,1.37,0.96,5444000000.0,2373000000.0,2013000000.0,1174000000.0,837000000.0,574000000.0,-112000000.0,292000000.0,1789000000.0,1200000000.0,126000000.0
CLX,2017-12-31,False,Q2,2018,10-Q,1416000000.0,,233000000.0,1.81,1.77,0.84,4758000000.0,1680000000.0,1380000000.0,489000000.0,760000000.0,322000000.0,-74000000.0,-177000000.0,1788000000.0,1202000000.0,89000000.0
CLX,2018-09-30,False,Q1,2019,10-Q,1563000000.0,,210000000.0,1.65,1.62,0.96,5058000000.0,1317000000.0,1235000000.0,162000000.0,677000000.0,259000000.0,-36000000.0,-192000000.0,2285000000.0,1602000000.0,36000000.0
CLX,2018-06-30,False,FY,2018,10-K,6124000000.0,,823000000.0,6.37,6.26,3.6,5060000000.0,1311000000.0,1200000000.0,131000000.0,726000000.0,974000000.0,-859000000.0,-399000000.0,2284000000.0,1602000000.0,194000000.0
