symbol,end_date,amend,period_focus,fiscal_year,doc_type,revenues,op_income,net_income,eps_basic,eps_diluted,dividend,assets,cur_assets,cur_liab,cash,equity,cash_flow_op,cash_flow_inv,cash_flow_fin,debt,goodwill,cap_ex
PCC,2011-06-30,False,Q2,2011,10-Q,3847000.0,,1339000.0,0.13,0.13,0.0,252801000.0,,,4709000.0,149652000.0,-2645000.0,6294000.0,-1582000.0,95510000.0,,31000.0
CMCT,2018-09-30,False,Q3,2018,10-Q,47640000.0,25332000.0,-528000.0,-0.1,-0.1,0.0,1391715000.0,,,97040000.0,623438000.0,49801000.0,-126892000.0,39337000.0,664400000.0,,
PCC,2011-09-30,False,Q3,2011,10-Q,3809000.0,,733000.0,0.07,0.07,0.0,260826000.0,,,7789000.0,148730000.0,-4359000.0,4754000.0,4752000.0,104028000.0,,31000.0
PCC,2012-03-31,False,Q1,2012,10-Q,3787000.0,,-155000.0,-0.01,-0.01,0.16,247298000.0,,,3254000.0,145882000.0,-3097000.0,4049000.0,-4200000.0,93799000.0,,7000.0
PCC,2011-12-31,False,FY,2011,10-K,16076000.0,,3647000.0,0.34,0.34,0.64,251247000.0,,,6502000.0,147736000.0,-4062000.0,13101000.0,-5179000.0,95861000.0,,31000.0
PCC,2012-06-30,False,Q2,2012,10-Q,3964000.0,,-415000.0,-0.01,-0.01,0.0,254853000.0,,,1309000.0,143779000.0,-6885000.0,116000.0,1576000.0,101470000.0,,11000.0
PCC,2012-09-30,False,Q3,2012,10-Q,4864000.0,,473000.0,0.06,0.06,0.0,254344000.0,,,4192000.0,142558000.0,-3379000.0,2289000.0,-1220000.0,100544000.0,,11000.0
PCC,2013-03-31,False,Q1,2013,10-Q,4515000.0,,1344000.0,0.14,0.14,0.125,256454000.0,,,8073000.0,139284000.0,1103000.0,-1963000.0,7703000.0,105553000.0,,
PCC,2012-12-31,False,FY,2012,10-K,17065000.0,,-2179000.0,-0.13,-0.13,0.6,247707000.0,,,1230000.0,139226000.0,-1775000.0,2809000.0,-6306000.0,97168000.0,,33000.0
PCC,2013-06-30,False,Q2,2013,10-Q,4484000.0,,846000.0,0.09,0.09,0.0,248674000.0,,,6127000.0,138812000.0,2471000.0,-192000.0,2618000.0,101805000.0,,1000.0
PCC,2013-12-31,False,FY,2013,10-K,17905000.0,,2067000.0,0.23,0.23,0.5,253410000.0,,,7981000.0,136052000.0,1427000.0,-3083000.0,8407000.0,109397000.0,,10000.0
CMCT,2014-06-30,False,Q2,2014,10-Q,71458000.0,,8399000.0,0.09,0.09,0.0,2072698000.0,,,20030000.0,1398901000.0,36670000.0,-38120000.0,4684000.0,601303000.0,,
PCC,2013-09-30,False,Q3,2013,10-Q,4588000.0,,323000.0,0.04,0.04,0.0,249901000.0,,,12589000.0,137799000.0,3112000.0,3205000.0,5042000.0,104505000.0,,4000.0
CMCT,2015-06-30,False,Q2,2015,10-Q,66919000.0,,4976000.0,0.01,0.01,0.21875,2090788000.0,,,22552000.0,1325626000.0,37050000.0,-24315000.0,-9093000.0,647644000.0,,
CMCT,2014-09-30,False,Q3,2014,10-Q,68195000.0,,4285000.0,0.04,0.04,0.0,2079485000.0,,,30609000.0,1382188000.0,52363000.0,-39432000.0,882000.0,624247000.0,,
CMCT,2015-03-31,False,Q1,2015,10-Q,67239000.0,,2732000.0,0.0,0.0,0.21875,2105722000.0,,,20382000.0,1341646000.0,9961000.0,-19716000.0,11768000.0,641818000.0,,
CMCT,2015-09-30,False,Q3,2015,10-Q,66395000.0,,5242000.0,0.0,0.0,0.0,2092510000.0,,,32742000.0,1303555000.0,54739000.0,-28329000.0,-14629000.0,664094000.0,,
CMCT,2016-03-31,False,Q1,2016,10-Q,66390000.0,,26980000.0,0.26,0.26,0.21875,2106209000.0,,,92877000.0,1295072000.0,7068000.0,-28451000.0,-12965000.0,656498000.0,,
CMCT,2017-03-31,False,Q1,2017,10-Q,66949000.0,,193899000.0,2.31,2.31,0.21875,2165830000.0,,,404346000.0,1143712000.0,13563000.0,291127000.0,-44793000.0,939334000.0,,
CMCT,2016-09-30,False,Q3,2016,10-Q,64332000.0,,9088000.0,0.1,0.1,0.0,2056061000.0,,,133846000.0,978189000.0,50242000.0,16404000.0,-72826000.0,969189000.0,,
CMCT,2014-12-31,False,FY,2014,10-K,256153000.0,,24378000.0,0.25,0.25,0.70625,2094682000.0,,,17615000.0,1359816000.0,66806000.0,-60301000.0,4251000.0,608714000.0,,
CMCT,2016-06-30,False,Q2,2016,10-Q,65438000.0,,849000.0,-0.02,-0.02,0.0,2151097000.0,,,37593000.0,1063971000.0,33558000.0,-52960000.0,-51917000.0,939767000.0,,
CMCT,2017-06-30,False,Q2,2017,10-Q,61299000.0,,91291000.0,1.16,1.16,0.0,1637955000.0,,,129006000.0,646481000.0,21760000.0,637968000.0,-672267000.0,846833000.0,,
CMCT,2016-12-31,False,FY,2016,10-K,265931000.0,,34538000.0,0.34,0.34,0.875,2022884000.0,,,144449000.0,966589000.0,51873000.0,29526000.0,-77522000.0,967886000.0,,
CMCT,2017-09-30,False,Q3,2017,10-Q,55384000.0,,72257000.0,1.25,1.25,0.0,1591304000.0,,,252955000.0,711899000.0,17179000.0,834735000.0,-741688000.0,780016000.0,,
CMCT,2014-03-31,False,Q1,2014,10-Q,64123000.0,,11219000.0,0.02,0.02,0.01,2051228000.0,,,24106000.0,1413231000.0,12028000.0,-1136000.0,-3582000.0,569743000.0,,
CMCT,2015-12-31,False,FY,2015,10-K,268427000.0,,24392000.0,0.04,0.04,0.875,2098173000.0,,,124636000.0,1297347000.0,77035000.0,64272000.0,-28287000.0,662948000.0,,
CMCT,2018-03-31,False,Q1,2018,10-Q,48398000.0,1010000.0,618000.0,-0.07,-0.07,0.125,1357984000.0,,,39883000.0,624485000.0,17708000.0,-115349000.0,11517000.0,641257000.0,,
CMCT,2017-12-31,False,FY,2017,10-K,236376000.0,,379249000.0,5.47,5.47,0.594,1336388000.0,,,129310000.0,626705000.0,-1145000.0,968656000.0,-982650000.0,630852000.0,,17717000.0
CMCT,2018-06-30,False,Q2,2018,10-Q,51559000.0,29352000.0,1937000.0,-0.04,-0.04,0.0,1388361000.0,,,91192000.0,624440000.0,36913000.0,-120751000.0,41512000.0,666932000.0,,
