symbol,end_date,amend,period_focus,fiscal_year,doc_type,revenues,op_income,net_income,eps_basic,eps_diluted,dividend,assets,cur_assets,cur_liab,cash,equity,cash_flow_op,cash_flow_inv,cash_flow_fin,debt,goodwill,cap_ex
CMLS,2011-09-30,False,Q3,2011,10-Q,132303000.0,-3409000.0,59538000.0,0.64,0.6,0.0,4072080000.0,344556000.0,167329000.0,47076000.0,306393000.0,32334000.0,-2027038000.0,2028966000.0,,1313197000.0,2885000.0
CMLS,2011-06-30,False,Q2,2011,10-Q,69178000.0,17347000.0,1341000.0,0.03,0.03,0.0,367201000.0,79148000.0,32761000.0,29553000.0,-322476000.0,20322000.0,-1675000.0,-1908000.0,,60422000.0,1505000.0
CMLS,2018-09-30,False,Q3,2018,10-Q,13900000.0,43355000.0,12713000.0,0.88,0.88,0.0,1809388000.0,420003000.0,109878000.0,53978000.0,344476000.0,2451000.0,-25866000.0,-3250000.0,,0.0,7866000.0
CMLS,2011-12-31,False,FY,2011,10-K,549544000.0,82254000.0,56899000.0,0.48,0.46,0.0,4040591000.0,324339000.0,178435000.0,30592000.0,290713000.0,71357000.0,-2030862000.0,1977283000.0,,1334512000.0,6690000.0
CMLS,2012-03-31,False,Q1,2012,10-Q,245316000.0,32436000.0,-17830000.0,-0.12,-0.12,0.0,3935823000.0,257462000.0,148886000.0,31633000.0,274352000.0,60278000.0,-800000.0,-58437000.0,,1335191000.0,1122000.0
CMLS,2012-06-30,False,Q2,2012,10-Q,281041000.0,45132000.0,1352000.0,0.01,0.01,0.0,3914456000.0,362300000.0,130750000.0,19083000.0,278507000.0,55190000.0,-1493000.0,-65206000.0,610000000.0,1292725000.0,1919000.0
CMLS,2013-03-31,False,Q1,2013,10-Q,900000.0,24364000.0,-12140000.0,-0.07,-0.07,0.0,3717730000.0,306226000.0,164921000.0,82806000.0,236564000.0,54806000.0,-53760000.0,-6290000.0,,1205166000.0,1986000.0
CMLS,2012-09-30,False,Q3,2012,10-Q,275350000.0,64593000.0,50771000.0,0.24,0.24,0.0,3848218000.0,312554000.0,155700000.0,46976000.0,332019000.0,128700000.0,111289000.0,-223605000.0,610000000.0,1296348000.0,4655000.0
CMLS,2013-06-30,False,Q2,2013,10-Q,2000000.0,82475000.0,23946000.0,0.11,0.11,0.0,3690184000.0,312368000.0,104284000.0,46216000.0,262927000.0,56774000.0,-54012000.0,-44596000.0,,1204953000.0,4830000.0
CMLS,2012-12-31,False,FY,2012,10-K,1076582000.0,84805000.0,-54161000.0,-0.33,-0.33,0.0,3743575000.0,353119000.0,195243000.0,88050000.0,246633000.0,179490000.0,98143000.0,-220175000.0,2721688000.0,1195594000.0,6607000.0
CMLS,2014-06-30,False,Q2,2014,10-Q,328247000.0,58433000.0,15137000.0,0.06,0.06,0.0,3797900000.0,373981000.0,121673000.0,20117000.0,526269000.0,41505000.0,2581000.0,-56761000.0,1994000000.0,1256015000.0,11248000.0
CMLS,2015-03-31,False,Q1,2015,10-Q,271079000.0,11875000.0,-12015000.0,-0.05,-0.05,0.0,3713386000.0,388729000.0,146983000.0,22758000.0,533334000.0,20978000.0,-5399000.0,-92000.0,1904000000.0,1252694000.0,10095000.0
CMLS,2014-09-30,False,Q3,2014,10-Q,313885000.0,41900000.0,2540000.0,0.01,0.01,0.0,3746655000.0,342444000.0,132145000.0,26757000.0,533228000.0,98089000.0,-7383000.0,-96741000.0,1954000000.0,1255519000.0,13401000.0
CMLS,2014-03-31,False,Q1,2014,10-Q,292044000.0,19122000.0,-9269000.0,-0.04,-0.04,0.0,3832222000.0,366600000.0,173619000.0,37270000.0,506376000.0,36876000.0,-281000.0,-32117000.0,,1256015000.0,1335000.0
CMLS,2013-09-30,False,Q3,2013,10-Q,2000000.0,70734000.0,2668000.0,0.01,0.01,0.0,3677139000.0,324807000.0,140641000.0,64170000.0,268433000.0,127667000.0,-57449000.0,-94098000.0,,1205195000.0,8448000.0
CMLS,2015-06-30,False,Q2,2015,10-Q,299334000.0,48003000.0,12299000.0,0.05,0.05,0.0,3707628000.0,405206000.0,122173000.0,32734000.0,549515000.0,35724000.0,-10171000.0,-90000.0,1904000000.0,1253065000.0,14860000.0
CMLS,2013-12-31,False,FY,2013,10-K,10300000.0,187366000.0,165407000.0,0.76,0.75,0.0,3870435000.0,377055000.0,156320000.0,32792000.0,512740000.0,121141000.0,-92625000.0,-83774000.0,2660000000.0,1256741000.0,11081000.0
CMLS,2016-06-30,False,Q2,2016,10-Q,287193000.0,36665000.0,1066000.0,0.0,0.0,0.0,2966508000.0,352204000.0,107216000.0,49798000.0,4339000.0,25010000.0,-6872000.0,3000.0,2407665000.0,703354000.0,11462000.0
CMLS,2016-09-30,False,Q3,2016,10-Q,286136000.0,113017000.0,46321000.0,1.58,1.58,0.0,3051264000.0,453758000.0,111510000.0,157601000.0,51395000.0,32279000.0,93662000.0,3000.0,2410083000.0,703354000.0,16704000.0
CMLS,2016-03-31,False,Q1,2016,10-Q,268530000.0,10114000.0,-14429000.0,-0.06,-0.06,0.0,2986672000.0,356798000.0,129896000.0,58874000.0,2484000.0,33185000.0,-5971000.0,3000.0,2405279000.0,703354000.0,4161000.0
CMLS,2017-03-31,False,Q1,2017,10-Q,264030000.0,20522000.0,-7395000.0,-0.25,-0.25,0.0,2413478000.0,455546000.0,112823000.0,151153000.0,-498026000.0,19425000.0,563000.0,-94000.0,2386761000.0,135214000.0,5736000.0
CMLS,2014-12-31,False,FY,2014,10-K,1263423000.0,161830000.0,11769000.0,0.05,0.05,0.0,3745441000.0,370826000.0,155622000.0,7271000.0,541580000.0,136796000.0,-15572000.0,-146745000.0,2513875000.0,1253823000.0,19006000.0
CMLS,2017-06-30,False,Q2,2017,10-Q,290531000.0,47326000.0,5672000.0,0.19,0.19,0.0,2404428000.0,455287000.0,89383000.0,141195000.0,-491819000.0,16940000.0,-6910000.0,-94000.0,2389244000.0,135214000.0,13203000.0
CMLS,2017-09-30,False,Q3,2017,10-Q,287240000.0,42931000.0,1274000.0,0.04,0.04,0.0,2342374000.0,401710000.0,100166000.0,69431000.0,-490191000.0,34125000.0,-14210000.0,-81743000.0,2311225000.0,135214000.0,20645000.0
CMLS,2017-12-31,False,FY,2017,10-K,1135662000.0,-210446000.0,-206565000.0,-7.05,-7.05,0.0,2027319000.0,393620000.0,36157000.0,102891000.0,-696115000.0,86596000.0,-26816000.0,-88148000.0,2332209000.0,135214000.0,31932000.0
CMLS,2018-06-30,False,Q2,2018,10-Q,6200000.0,,5672000.0,47.989999999999995,23.9,0.0,1813234000.0,413793000.0,129103000.0,37444000.0,330632000.0,-1712000.0,-19969000.0,0.0,1300000000.0,0.0,1969000.0
CMLS,2016-12-31,False,FY,2016,10-K,1141400000.0,-408789000.0,-510720000.0,-17.45,-17.45,0.0,2412691000.0,439927000.0,100791000.0,131259000.0,-491738000.0,35745000.0,83854000.0,-19997000.0,2420266000.0,135214000.0,23037000.0
CMLS,2015-12-31,False,FY,2015,10-K,1168679000.0,-478515000.0,-546494000.0,-2.34,-2.34,0.0,3024787000.0,359275000.0,122770000.0,31657000.0,16032000.0,82432000.0,-7961000.0,-50085000.0,2448940000.0,703354000.0,19236000.0
CMLS,2018-03-31,False,Q1,2018,10-Q,263679000.0,25144000.0,-5001000.0,-0.17,-0.17,0.0,2029874000.0,398468000.0,86661000.0,120122000.0,-700950000.0,48372000.0,-9005000.0,-22131000.0,1700000000.0,135214000.0,9005000.0
CMLS,2015-09-30,False,Q3,2015,10-Q,289441000.0,-567214000.0,-542179000.0,-2.32,-2.32,0.0,3123738000.0,429879000.0,151144000.0,84245000.0,19644000.0,88189000.0,-11129000.0,-86000.0,1904000000.0,703354000.0,15817000.0
