symbol,end_date,amend,period_focus,fiscal_year,doc_type,revenues,op_income,net_income,eps_basic,eps_diluted,dividend,assets,cur_assets,cur_liab,cash,equity,cash_flow_op,cash_flow_inv,cash_flow_fin,debt,goodwill,cap_ex
CMS,2011-09-30,False,Q3,2011,10-Q,1464000000.0,316000000.0,139000000.0,0.55,0.53,0.21,15958000000.0,2860000000.0,2214000000.0,623000000.0,3087000000.0,1195000000.0,-752000000.0,-69000000.0,7153000000.0,,624000000.0
CMS,2010-09-30,False,Q3,2010,10-Q,1443000000.0,319000000.0,134000000.0,0.58,0.53,0.15,15571000000.0,3086000000.0,2297000000.0,696000000.0,2866000000.0,998000000.0,-726000000.0,335000000.0,,,611000000.0
CMS,2010-06-30,False,Q2,2010,10-Q,1340000000.0,262000000.0,80000000.0,0.35,0.32,0.15,15051000000.0,2621000000.0,1736000000.0,536000000.0,2993000000.0,1048000000.0,-490000000.0,-111000000.0,,,424000000.0
CMS,2012-03-31,False,Q1,2012,10-Q,1743000000.0,188000000.0,67000000.0,0.26,0.25,0.24,16160000000.0,2268000000.0,1819000000.0,358000000.0,3093000000.0,635000000.0,-313000000.0,-125000000.0,7007000000.0,,294000000.0
CMS,2012-06-30,False,Q2,2012,10-Q,1333000000.0,260000000.0,100000000.0,0.38,0.37,0.24,16293000000.0,2206000000.0,1807000000.0,187000000.0,3155000000.0,943000000.0,-610000000.0,-307000000.0,6852000000.0,,575000000.0
CMS,2011-03-31,False,Q1,2011,10-Q,2055000000.0,306000000.0,135000000.0,0.54,0.52,0.21,15642000000.0,2741000000.0,2290000000.0,801000000.0,2931000000.0,841000000.0,-228000000.0,-61000000.0,,,191000000.0
CMS,2010-12-31,False,FY,2010,10-K,6432000000.0,978000000.0,324000000.0,1.4,1.28,0.66,15616000000.0,2759000000.0,2021000000.0,247000000.0,2837000000.0,959000000.0,-1003000000.0,202000000.0,,,821000000.0
CMS,2013-03-31,False,Q1,2013,10-Q,1979000000.0,329000000.0,144000000.0,0.55,0.53,0.255,17269000000.0,2528000000.0,1645000000.0,586000000.0,3350000000.0,725000000.0,-293000000.0,61000000.0,7452000000.0,,274000000.0
CMS,2013-06-30,False,Q2,2013,10-Q,1406000000.0,232000000.0,80000000.0,0.3,0.29,0.255,17429000000.0,2485000000.0,1802000000.0,537000000.0,3360000000.0,1095000000.0,-616000000.0,-35000000.0,7432000000.0,,580000000.0
CMS,2018-12-31,False,FY,2018,10-K,6873000000.0,1162000000.0,657000000.0,2.33,2.32,1.43,24529000000.0,2468000000.0,2624000000.0,153000000.0,4792000000.0,1703000000.0,-2606000000.0,874000000.0,200000000.0,,2074000000.0
CMS,2011-06-30,False,Q2,2011,10-Q,1364000000.0,207000000.0,100000000.0,0.4,0.38,0.21,15945000000.0,2956000000.0,2241000000.0,994000000.0,3002000000.0,1216000000.0,-471000000.0,0.0,7283000000.0,,399000000.0
CMS,2011-12-31,False,FY,2011,10-K,6503000000.0,1003000000.0,415000000.0,1.66,1.58,0.84,16452000000.0,2565000000.0,2338000000.0,161000000.0,3072000000.0,1169000000.0,-1058000000.0,-199000000.0,7073000000.0,,882000000.0
CMS,2012-09-30,False,Q3,2012,10-Q,1507000000.0,343000000.0,148000000.0,0.56,0.55,0.24,16608000000.0,2360000000.0,1485000000.0,128000000.0,3240000000.0,934000000.0,-938000000.0,-29000000.0,7199000000.0,,861000000.0
CMS,2012-12-31,False,FY,2012,10-K,6253000000.0,1003000000.0,382000000.0,1.46,1.42,0.96,17131000000.0,2422000000.0,1797000000.0,93000000.0,3238000000.0,1241000000.0,-1350000000.0,41000000.0,7229000000.0,,1227000000.0
CMS,2013-09-30,False,Q3,2013,10-Q,1445000000.0,317000000.0,126000000.0,0.48,0.46,0.255,16986000000.0,2401000000.0,1464000000.0,260000000.0,3433000000.0,1118000000.0,-1004000000.0,53000000.0,7600000000.0,,900000000.0
CMS,2015-03-31,False,Q1,2015,10-Q,2111000000.0,397000000.0,202000000.0,0.73,0.73,0.29,19198000000.0,2501000000.0,1599000000.0,522000000.0,3839000000.0,760000000.0,-422000000.0,-23000000.0,100000000.0,,348000000.0
CMS,2016-03-31,False,Q1,2016,10-Q,1801000000.0,336000000.0,164000000.0,0.59,0.59,0.31,20037000000.0,1890000000.0,2047000000.0,177000000.0,4146000000.0,632000000.0,-451000000.0,-270000000.0,,,407000000.0
CMS,2014-03-31,False,Q1,2014,10-Q,2523000000.0,408000000.0,204000000.0,0.77,0.75,0.27,17924000000.0,2969000000.0,1801000000.0,758000000.0,3655000000.0,611000000.0,-346000000.0,321000000.0,8181000000.0,,304000000.0
CMS,2014-09-30,False,Q3,2014,10-Q,1430000000.0,236000000.0,94000000.0,0.34,0.34,0.27,18381000000.0,2734000000.0,1648000000.0,493000000.0,3707000000.0,962000000.0,-1347000000.0,706000000.0,,,1125000000.0
CMS,2015-06-30,False,Q2,2015,10-Q,1350000000.0,204000000.0,67000000.0,0.25,0.25,0.29,19238000000.0,2291000000.0,1640000000.0,477000000.0,3855000000.0,1262000000.0,-782000000.0,-210000000.0,,,675000000.0
CMS,2014-06-30,False,Q2,2014,10-Q,1468000000.0,235000000.0,83000000.0,0.31,0.3,0.27,17719000000.0,2465000000.0,1563000000.0,358000000.0,3682000000.0,937000000.0,-783000000.0,32000000.0,7953000000.0,,663000000.0
CMS,2016-09-30,False,Q3,2016,10-Q,1587000000.0,386000000.0,186000000.0,0.67,0.67,0.31,20842000000.0,2198000000.0,2069000000.0,339000000.0,4296000000.0,1241000000.0,-1405000000.0,237000000.0,,,1224000000.0
CMS,2017-06-30,False,Q2,2017,10-Q,1449000000.0,241000000.0,92000000.0,0.33,0.33,0.3325,21867000000.0,2211000000.0,2115000000.0,418000000.0,4486000000.0,1119000000.0,-806000000.0,-129000000.0,,,746000000.0
CMS,2015-09-30,False,Q3,2015,10-Q,1486000000.0,317000000.0,148000000.0,0.53,0.53,0.29,19452000000.0,2123000000.0,1788000000.0,150000000.0,3939000000.0,1420000000.0,-1340000000.0,-137000000.0,,,1102000000.0
CMS,2014-12-31,False,FY,2014,10-K,7179000000.0,1152000000.0,477000000.0,1.76,1.74,1.08,19185000000.0,2597000000.0,2014000000.0,207000000.0,3707000000.0,1447000000.0,-1910000000.0,498000000.0,0.0,,1577000000.0
CMS,2013-12-31,False,FY,2013,10-K,6566000000.0,1142000000.0,452000000.0,1.71,1.66,1.02,17416000000.0,2526000000.0,1945000000.0,172000000.0,3491000000.0,1421000000.0,-1532000000.0,190000000.0,7642000000.0,,1325000000.0
CMS,2015-12-31,False,FY,2015,10-K,6456000000.0,1163000000.0,523000000.0,1.9,1.89,1.16,20340000000.0,2320000000.0,2302000000.0,266000000.0,3975000000.0,1640000000.0,-2044000000.0,463000000.0,0.0,0.0,1564000000.0
CMS,2018-03-31,False,Q1,2018,10-Q,1953000000.0,363000000.0,241000000.0,0.86,0.86,0.3575,22868000000.0,2207000000.0,2482000000.0,195000000.0,4633000000.0,708000000.0,-456000000.0,-229000000.0,50000000.0,,422000000.0
CMS,2017-03-31,False,Q1,2017,10-Q,1829000000.0,388000000.0,199000000.0,0.71,0.71,0.33,21623000000.0,2215000000.0,1926000000.0,433000000.0,4407000000.0,646000000.0,-346000000.0,-94000000.0,,,365000000.0
CMS,2016-12-31,False,FY,2016,10-K,6399000000.0,1297000000.0,551000000.0,1.99,1.98,1.24,21622000000.0,2280000000.0,2655000000.0,235000000.0,4290000000.0,1629000000.0,-1915000000.0,255000000.0,0.0,,1672000000.0
CMS,2017-09-30,False,Q3,2017,10-Q,1527000000.0,330000000.0,172000000.0,0.61,0.61,0.3325,22120000000.0,2121000000.0,2261000000.0,142000000.0,4572000000.0,1199000000.0,-1354000000.0,71000000.0,,,1208000000.0
CMS,2016-06-30,False,Q2,2016,10-Q,1371000000.0,285000000.0,124000000.0,0.45,0.45,0.31,20463000000.0,2031000000.0,2091000000.0,385000000.0,4193000000.0,1101000000.0,-910000000.0,-72000000.0,,,817000000.0
CMS,2018-06-30,False,Q2,2018,10-Q,1492000000.0,255000000.0,139000000.0,0.49,0.49,0.3575,23312000000.0,2286000000.0,2535000000.0,477000000.0,4709000000.0,1416000000.0,-1008000000.0,-111000000.0,146000000.0,,872000000.0
CMS,2018-09-30,False,Q3,2018,10-Q,1599000000.0,294000000.0,169000000.0,0.6,0.59,0.3575,23913000000.0,2374000000.0,3442000000.0,323000000.0,4786000000.0,1565000000.0,-1815000000.0,412000000.0,0.0,,1572000000.0
CMS,2017-12-31,False,FY,2017,10-K,6583000000.0,1338000000.0,460000000.0,1.64,1.64,1.33,23050000000.0,2475000000.0,2784000000.0,182000000.0,4478000000.0,1705000000.0,-1868000000.0,110000000.0,0.0,,1665000000.0
