symbol,end_date,amend,period_focus,fiscal_year,doc_type,revenues,op_income,net_income,eps_basic,eps_diluted,dividend,assets,cur_assets,cur_liab,cash,equity,cash_flow_op,cash_flow_inv,cash_flow_fin,debt,goodwill,cap_ex
CNBC,2012-03-31,False,Q1,2012,10-Q,15350000.0,,4090000.0,0.25,0.25,0.03,1476595000.0,,,78207000.0,142081000.0,5121000.0,-69415000.0,31400000.0,,16889000.0,136000.0
CNOB,2018-12-31,False,FY,2018,10-K,221872000.0,,60352000.0,1.87,1.86,0.3,5462092000.0,,,39161000.0,613927000.0,89060000.0,-357214000.0,290938000.0,600001000.0,145909000.0,2051000.0
CNBC,2011-06-30,False,Q2,2011,10-Q,14610000.0,,3439000.0,0.21,0.21,0.03,1307438000.0,,,109467000.0,130104000.0,7844000.0,-20513000.0,84639000.0,,16927000.0,93000.0
CNBC,2012-06-30,False,Q2,2012,10-Q,15100000.0,,4269000.0,0.26,0.26,0.03,1501022000.0,,,73668000.0,147983000.0,8618000.0,-86316000.0,52265000.0,179241000.0,16804000.0,288000.0
CNBC,2012-09-30,False,Q3,2012,10-Q,16753000.0,,4426000.0,0.27,0.27,0.055,1612079000.0,,,100106000.0,157185000.0,14367000.0,-92628000.0,69268000.0,146000000.0,16868000.0,596000.0
CNBC,2013-03-31,False,Q1,2013,10-Q,15949000.0,,4868000.0,0.3,0.3,0.055,1609795000.0,,,116755000.0,164753000.0,8168000.0,28068000.0,-25619000.0,146000000.0,16849000.0,182000.0
CNBC,2011-09-30,False,Q3,2011,10-Q,15202000.0,,3557000.0,0.22,0.22,0.03,1376517000.0,,,113080000.0,133808000.0,15079000.0,-86701000.0,147205000.0,,16915000.0,130000.0
CNBC,2013-09-30,False,Q3,2013,10-Q,16084000.0,,5066000.0,0.31,0.31,0.075,1644416000.0,,,33557000.0,165138000.0,17768000.0,-94862000.0,4513000.0,146000000.0,16833000.0,535000.0
CNBC,2012-12-31,False,FY,2012,10-K,62482000.0,,17226000.0,1.05,1.05,0.195,1629765000.0,,,104134000.0,160691000.0,21066000.0,-108320000.0,82291000.0,162992000.0,16858000.0,842000.0
CNBC,2011-12-31,False,FY,2011,10-K,59405000.0,,13106000.0,0.8,0.8,0.12,1432738000.0,,,111101000.0,135916000.0,18084000.0,-152580000.0,208100000.0,,16902000.0,316000.0
CNBC,2013-06-30,False,Q2,2013,10-Q,15686000.0,,4895000.0,0.3,0.3,0.055,1605698000.0,,,61959000.0,161285000.0,10145000.0,-26481000.0,-27843000.0,146000000.0,16840000.0,304000.0
CNBC,2013-12-31,False,FY,2013,10-K,64119000.0,,19784000.0,1.21,1.21,0.0,1673082000.0,,,82692000.0,168584000.0,23153000.0,-77554000.0,30955000.0,146000000.0,16828000.0,973000.0
CNOB,2015-03-31,False,Q1,2015,10-Q,34925000.0,,10351000.0,0.35,0.34,0.075,3505891000.0,,,30127000.0,456194000.0,9819000.0,-96437000.0,48314000.0,525148000.0,145909000.0,504000.0
CNBC,2014-03-31,False,Q1,2014,10-Q,16858000.0,,4370000.0,0.27,0.27,0.075,1676160000.0,,,106282000.0,173813000.0,6127000.0,20842000.0,-3379000.0,146000000.0,16821000.0,350000.0
CNOB,2015-06-30,False,Q2,2015,10-Q,37617000.0,,10493000.0,0.35,0.35,0.075,3660057000.0,,,41454000.0,463982000.0,22277000.0,-217299000.0,193658000.0,548758000.0,145909000.0,1733000.0
CNOB,2016-03-31,False,Q1,2016,10-Q,38526000.0,,10369000.0,0.35,0.34,0.075,4091000000.0,,,34603000.0,474727000.0,7335000.0,-153609000.0,63638000.0,646501000.0,145909000.0,941000.0
CNOB,2014-09-30,False,Q3,2014,10-Q,33516000.0,,1738000.0,0.06,0.06,0.075,3356257000.0,,,41041000.0,441839000.0,10399000.0,-38859000.0,83781000.0,420960000.0,145909000.0,2199000.0
CNOB,2015-06-30,True,Q2,2015,10-Q,37617000.0,,10493000.0,0.35,0.35,0.075,3660057000.0,,,41454000.0,463982000.0,22277000.0,-217299000.0,193658000.0,548758000.0,145909000.0,1733000.0
CNOB,2015-12-31,False,FY,2015,10-K,152140000.0,,41199000.0,1.38,1.36,0.28,4016721000.0,,,31291000.0,477344000.0,52302000.0,-509907000.0,531653000.0,671587000.0,145909000.0,3989000.0
CNOB,2014-12-31,False,FY,2014,10-K,101705000.0,,18453000.0,0.8,0.79,0.3,3448572000.0,,,31813000.0,446219000.0,26015000.0,-144383000.0,162523000.0,495553000.0,145909000.0,2037000.0
CNOB,2016-06-30,False,Q2,2016,10-Q,41608000.0,,10859000.0,0.36,0.36,0.075,4262914000.0,,,35850000.0,484414000.0,24454000.0,-269822000.0,219586000.0,496414000.0,145909000.0,1379000.0
CNOB,2015-09-30,False,Q3,2015,10-Q,40005000.0,,10814000.0,0.36,0.36,0.075,3838253000.0,,,30100000.0,471146000.0,36205000.0,-366268000.0,361737000.0,621674000.0,145909000.0,2590000.0
CNOB,2016-09-30,False,Q3,2016,10-Q,46754000.0,,11856000.0,0.39,0.39,0.075,4327804000.0,,,49028000.0,499588000.0,36620000.0,-274026000.0,270305000.0,481337000.0,145909000.0,1769000.0
CNOB,2017-03-31,False,Q1,2017,10-Q,44086000.0,,11880000.0,0.37,0.37,0.075,4460816000.0,,,35867000.0,540277000.0,26493000.0,-88650000.0,23627000.0,491226000.0,145909000.0,
CNOB,2017-06-30,False,Q2,2017,10-Q,45113000.0,,7683000.0,0.24,0.24,0.075,4681280000.0,,,54305000.0,546173000.0,48041000.0,-333182000.0,231250000.0,626173000.0,145909000.0,
CNOB,2014-06-30,False,Q2,2014,10-Q,16125000.0,,4350000.0,0.27,0.26,0.075,1665809000.0,,,92617000.0,178278000.0,10393000.0,18715000.0,-19183000.0,196000000.0,16815000.0,747000.0
CNOB,2016-12-31,False,FY,2016,10-K,171161000.0,,31060000.0,1.02,1.01,0.3,4426348000.0,,,37150000.0,531032000.0,49712000.0,-427669000.0,377461000.0,476280000.0,145909000.0,2702000.0
CNOB,2018-03-31,False,Q1,2018,10-Q,51882000.0,,4251000.0,0.13,0.13,0.075,5158368000.0,,,36396000.0,564266000.0,20233000.0,-77819000.0,50791000.0,695032000.0,145909000.0,139000.0
CNOB,2017-12-31,False,FY,2017,10-K,189528000.0,,43220000.0,1.35,1.34,0.3,5108442000.0,,,52565000.0,565437000.0,131133000.0,-817727000.0,635777000.0,670077000.0,145909000.0,2661000.0
CNOB,2017-09-30,False,Q3,2017,10-Q,48094000.0,,13077000.0,0.41,0.41,0.075,4844755000.0,,,41114000.0,557691000.0,68311000.0,-508696000.0,381248000.0,585124000.0,145909000.0,2148000.0
CNOB,2018-09-30,False,Q3,2018,10-Q,56780000.0,,19902000.0,0.62,0.61,0.075,5368641000.0,,,37058000.0,594871000.0,67335000.0,-281558000.0,220489000.0,629979000.0,145909000.0,1629000.0
CNOB,2018-06-30,False,Q2,2018,10-Q,54472000.0,,17527000.0,0.54,0.54,0.075,5275368000.0,,,56931000.0,578557000.0,54299000.0,-165975000.0,138263000.0,628995000.0,145909000.0,233000.0
