symbol,end_date,amend,period_focus,fiscal_year,doc_type,revenues,op_income,net_income,eps_basic,eps_diluted,dividend,assets,cur_assets,cur_liab,cash,equity,cash_flow_op,cash_flow_inv,cash_flow_fin,debt,goodwill,cap_ex
CNP,2011-06-30,False,Q2,2011,10-Q,1837000000.0,303000000.0,119000000.0,0.28,0.28,0.1975,19677000000.0,2042000000.0,2361000000.0,190000000.0,3313000000.0,1137000000.0,-572000000.0,-574000000.0,,1696000000.0,633000000.0
CNP,2012-06-30,False,Q2,2012,10-Q,1525000000.0,302000000.0,126000000.0,0.29,0.29,0.2025,22475000000.0,2955000000.0,3206000000.0,1123000000.0,4332000000.0,927000000.0,-657000000.0,633000000.0,0.0,1696000000.0,524000000.0
CNP,2011-09-30,False,Q3,2011,10-Q,1881000000.0,357000000.0,973000000.0,2.28,2.27,0.1975,20951000000.0,1982000000.0,2319000000.0,103000000.0,4207000000.0,1449000000.0,-848000000.0,-697000000.0,142000000.0,1696000000.0,960000000.0
CNP,2018-12-31,False,FY,2018,10-K,10589000000.0,831000000.0,333000000.0,0.74,0.74,1.12,27009000000.0,7025000000.0,3302000000.0,4231000000.0,8058000000.0,2136000000.0,-1207000000.0,3053000000.0,8682000000.0,867000000.0,1651000000.0
CNP,2011-12-31,False,FY,2011,10-K,8450000000.0,1298000000.0,1357000000.0,3.19,3.17,0.79,21703000000.0,2337000000.0,2593000000.0,220000000.0,4222000000.0,1888000000.0,-1206000000.0,-661000000.0,285000000.0,1696000000.0,1303000000.0
CNP,2010-12-31,False,FY,2010,10-K,8785000000.0,1249000000.0,442000000.0,1.08,1.07,0.78,20111000000.0,2582000000.0,2620000000.0,199000000.0,3198000000.0,1386000000.0,-1420000000.0,-507000000.0,,1696000000.0,-1509000000.0
CNP,2012-12-31,False,FY,2012,10-K,7452000000.0,1038000000.0,417000000.0,0.98,0.97,0.81,22871000000.0,2874000000.0,3575000000.0,646000000.0,4301000000.0,1860000000.0,-1603000000.0,169000000.0,0.0,1468000000.0,1212000000.0
CNP,2013-03-31,False,Q1,2013,10-Q,2388000000.0,332000000.0,147000000.0,0.34,0.34,0.2075,22370000000.0,2363000000.0,3126000000.0,245000000.0,4371000000.0,533000000.0,-274000000.0,-660000000.0,61000000.0,1468000000.0,271000000.0
CNP,2012-09-30,False,Q3,2012,10-Q,1705000000.0,88000000.0,10000000.0,0.02,0.02,0.2025,22477000000.0,2752000000.0,3364000000.0,722000000.0,4257000000.0,1379000000.0,-1209000000.0,332000000.0,0.0,1468000000.0,818000000.0
CNP,2013-06-30,False,Q2,2013,10-Q,1894000000.0,223000000.0,-100000000.0,-0.23,-0.23,0.2075,21658000000.0,2480000000.0,2675000000.0,497000000.0,4191000000.0,790000000.0,-625000000.0,-314000000.0,0.0,840000000.0,586000000.0
CNP,2011-03-31,False,Q1,2011,10-Q,2587000000.0,364000000.0,148000000.0,0.35,0.35,0.1975,19594000000.0,2014000000.0,2201000000.0,95000000.0,3266000000.0,627000000.0,-308000000.0,-423000000.0,,1696000000.0,333000000.0
CNP,2012-03-31,False,Q1,2012,10-Q,2084000000.0,338000000.0,147000000.0,0.34,0.34,0.2025,22351000000.0,2968000000.0,2735000000.0,1096000000.0,4286000000.0,424000000.0,-292000000.0,744000000.0,0.0,1696000000.0,264000000.0
CNP,2014-03-31,False,Q1,2014,10-Q,3163000000.0,295000000.0,185000000.0,0.43,0.43,0.2375,22264000000.0,2955000000.0,3059000000.0,379000000.0,4414000000.0,380000000.0,-316000000.0,107000000.0,0.0,840000000.0,301000000.0
CNP,2013-09-30,False,Q3,2013,10-Q,1640000000.0,244000000.0,151000000.0,0.35,0.35,0.2075,21575000000.0,2319000000.0,2595000000.0,219000000.0,4261000000.0,1132000000.0,-926000000.0,-633000000.0,0.0,840000000.0,912000000.0
CNP,2013-12-31,False,FY,2013,10-K,8106000000.0,1010000000.0,311000000.0,0.73,0.72,0.83,21870000000.0,2658000000.0,3019000000.0,208000000.0,4329000000.0,1613000000.0,-1300000000.0,-751000000.0,118000000.0,840000000.0,1286000000.0
CNP,2010-06-30,False,Q2,2010,10-Q,1756000000.0,263000000.0,81000000.0,0.2,0.2,0.195,19521000000.0,2352000000.0,3032000000.0,583000000.0,3061000000.0,818000000.0,-719000000.0,-256000000.0,,1696000000.0,727000000.0
CNP,2009-06-30,False,Q2,2009,10-Q,1640000000.0,253000000.0,86000000.0,0.24,0.24,0.0,18717000000.0,1928000000.0,2094000000.0,151000000.0,2237000000.0,1056000000.0,-504000000.0,-568000000.0,,1696000000.0,504000000.0
CNP,2009-09-30,False,Q3,2009,10-Q,1576000000.0,287000000.0,114000000.0,0.31,0.31,0.0,18653000000.0,1995000000.0,2312000000.0,61000000.0,2588000000.0,1437000000.0,-582000000.0,-961000000.0,,1696000000.0,809000000.0
CNP,2010-03-31,False,Q1,2010,10-Q,3023000000.0,357000000.0,114000000.0,0.29,0.29,0.195,19351000000.0,2384000000.0,3202000000.0,329000000.0,2709000000.0,435000000.0,-303000000.0,-543000000.0,,1696000000.0,258000000.0
CNP,2010-09-30,False,Q3,2010,10-Q,1908000000.0,327000000.0,123000000.0,0.29,0.29,0.195,19399000000.0,2143000000.0,2881000000.0,99000000.0,3129000000.0,983000000.0,-1014000000.0,-610000000.0,,1696000000.0,1053000000.0
CNP,2009-12-31,False,FY,2009,10-K,8281000000.0,1124000000.0,372000000.0,1.02,1.01,0.0,19773000000.0,2904000000.0,3038000000.0,740000000.0,2639000000.0,1841000000.0,-896000000.0,-372000000.0,,1696000000.0,1160000000.0
CNP,2014-06-30,False,Q2,2014,10-Q,1884000000.0,186000000.0,107000000.0,0.25,0.25,0.2375,21920000000.0,2529000000.0,3026000000.0,206000000.0,4425000000.0,712000000.0,-659000000.0,-55000000.0,41000000.0,840000000.0,625000000.0
CNP,2015-03-31,False,Q1,2015,10-Q,2433000000.0,256000000.0,131000000.0,0.3,0.3,0.2475,22670000000.0,2691000000.0,3187000000.0,234000000.0,4574000000.0,666000000.0,-337000000.0,-393000000.0,279000000.0,840000000.0,341000000.0
CNP,2015-06-30,False,Q2,2015,10-Q,1532000000.0,186000000.0,77000000.0,0.18,0.18,0.2475,22602000000.0,2509000000.0,3125000000.0,245000000.0,4550000000.0,1122000000.0,-671000000.0,-504000000.0,596000000.0,840000000.0,712000000.0
CNP,2015-09-30,False,Q3,2015,10-Q,1630000000.0,265000000.0,-391000000.0,-0.91,-0.91,0.2475,21778000000.0,2400000000.0,3191000000.0,227000000.0,4058000000.0,1518000000.0,-1024000000.0,-565000000.0,725000000.0,840000000.0,1131000000.0
CNP,2017-03-31,False,Q1,2017,10-Q,2735000000.0,274000000.0,192000000.0,0.45,0.44,0.2675,21931000000.0,2896000000.0,2642000000.0,254000000.0,3537000000.0,319000000.0,-370000000.0,-36000000.0,1032000000.0,867000000.0,312000000.0
CNP,2014-09-30,False,Q3,2014,10-Q,1807000000.0,233000000.0,143000000.0,0.33,0.33,0.2375,22048000000.0,2576000000.0,3008000000.0,230000000.0,4473000000.0,1124000000.0,-1026000000.0,-76000000.0,190000000.0,840000000.0,998000000.0
CNP,2014-12-31,False,FY,2014,10-K,9226000000.0,935000000.0,611000000.0,1.42,1.42,0.95,23200000000.0,3268000000.0,3475000000.0,298000000.0,4548000000.0,1397000000.0,-1384000000.0,77000000.0,341000000.0,840000000.0,1372000000.0
CNP,2016-06-30,False,Q2,2016,10-Q,1574000000.0,182000000.0,-2000000.0,-0.01,-0.01,0.2575,21012000000.0,2272000000.0,2241000000.0,271000000.0,3397000000.0,1058000000.0,-467000000.0,-584000000.0,1037000000.0,861000000.0,682000000.0
CNP,2015-12-31,False,FY,2015,10-K,7386000000.0,933000000.0,-692000000.0,-1.61,-1.61,0.99,21334000000.0,2689000000.0,2467000000.0,264000000.0,3461000000.0,1865000000.0,-1387000000.0,-512000000.0,716000000.0,840000000.0,1584000000.0
CNP,2016-12-31,False,FY,2016,10-K,7528000000.0,959000000.0,432000000.0,1.0,1.0,1.03,21829000000.0,2923000000.0,3080000000.0,341000000.0,3460000000.0,1928000000.0,-1046000000.0,-805000000.0,835000000.0,862000000.0,1414000000.0
CNP,2016-03-31,False,Q1,2016,10-Q,1984000000.0,250000000.0,154000000.0,0.36,0.36,0.2575,21004000000.0,2335000000.0,2534000000.0,218000000.0,3506000000.0,634000000.0,-269000000.0,-411000000.0,824000000.0,840000000.0,332000000.0
CNP,2016-09-30,False,Q3,2016,10-Q,1889000000.0,284000000.0,179000000.0,0.42,0.41,0.2575,21286000000.0,2529000000.0,2398000000.0,270000000.0,3472000000.0,1452000000.0,-739000000.0,-707000000.0,539000000.0,862000000.0,1047000000.0
CNP,2017-09-30,False,Q3,2017,10-Q,2098000000.0,279000000.0,169000000.0,0.39,0.39,0.2675,22135000000.0,2935000000.0,3221000000.0,201000000.0,3618000000.0,1031000000.0,-892000000.0,-279000000.0,529000000.0,867000000.0,994000000.0
CNP,2017-06-30,False,Q2,2017,10-Q,2143000000.0,223000000.0,135000000.0,0.31,0.31,0.2675,22045000000.0,2865000000.0,3038000000.0,248000000.0,3563000000.0,680000000.0,-635000000.0,-138000000.0,970000000.0,867000000.0,649000000.0
CNP,2018-03-31,False,Q1,2018,10-Q,3155000000.0,251000000.0,165000000.0,0.38,0.38,0.0,22410000000.0,3049000000.0,2616000000.0,219000000.0,4857000000.0,484000000.0,-331000000.0,-192000000.0,726000000.0,867000000.0,362000000.0
CNP,2018-09-30,False,Q3,2018,10-Q,2212000000.0,226000000.0,153000000.0,0.35,0.35,0.2775,22228000000.0,2726000000.0,2581000000.0,293000000.0,5508000000.0,1679000000.0,-674000000.0,-970000000.0,104000000.0,867000000.0,1121000000.0
CNP,2017-12-31,False,FY,2017,10-K,9614000000.0,1072000000.0,1792000000.0,4.16,4.13,1.3475,22736000000.0,3395000000.0,3069000000.0,260000000.0,4688000000.0,1421000000.0,-1257000000.0,-245000000.0,898000000.0,867000000.0,1426000000.0
CNP,2018-06-30,False,Q2,2018,10-Q,2186000000.0,187000000.0,-75000000.0,-0.17,-0.17,0.2775,22108000000.0,2701000000.0,2842000000.0,328000000.0,4670000000.0,1093000000.0,-267000000.0,-756000000.0,565000000.0,867000000.0,697000000.0
