symbol,end_date,amend,period_focus,fiscal_year,doc_type,revenues,op_income,net_income,eps_basic,eps_diluted,dividend,assets,cur_assets,cur_liab,cash,equity,cash_flow_op,cash_flow_inv,cash_flow_fin,debt,goodwill,cap_ex
COHN,2018-12-31,False,FY,2018,10-K,49386000.0,3659000.0,-2463000.0,-2.14,-2.14,0.8,5654452000.0,,,14106000.0,42438000.0,-6999000.0,2156000.0,-3722000.0,43536000.0,7992000.0,1002000.0
IFMI,2011-06-30,False,Q2,2011,10-Q,23457000.0,-8178000.0,-3371000.0,-0.31,-0.31,0.05,455733000.0,,,50160000.0,89161000.0,15716000.0,-5464000.0,-4287000.0,42140000.0,11176000.0,302000.0
IFMI,2012-03-31,False,Q1,2012,10-Q,18760000.0,-5203000.0,-3859000.0,-0.37,-0.37,0.02,490078000.0,,,14070000.0,71901000.0,-4577000.0,788000.0,-512000.0,36928000.0,11206000.0,17000.0
IFMI,2011-09-30,False,Q3,2011,10-Q,20878000.0,-7812000.0,-4045000.0,-0.38,-0.38,0.05,321040000.0,,,25633000.0,81774000.0,239000.0,-10332000.0,-8345000.0,40784000.0,11176000.0,368000.0
IFMI,2012-06-30,False,Q2,2012,10-Q,25037000.0,830000.0,-2078000.0,-0.19,-0.19,0.02,503035000.0,,,12944000.0,69489000.0,1079000.0,5402000.0,-11712000.0,26731000.0,11113000.0,42000.0
IFMI,2011-12-31,False,FY,2011,10-K,100331000.0,-18165000.0,-9388000.0,-0.88,-0.88,0.2,420590000.0,,,18221000.0,77408000.0,-6299000.0,-6704000.0,-12796000.0,37167000.0,11206000.0,470000.0
IFMI,2012-09-30,False,Q3,2012,10-Q,28066000.0,3156000.0,2008000.0,0.19,0.18,0.02,447602000.0,,,12876000.0,71546000.0,9676000.0,4213000.0,-19352000.0,25646000.0,11113000.0,101000.0
IFMI,2013-03-31,False,Q1,2013,10-Q,14026000.0,-7072000.0,-4500000.0,-0.4,-0.4,0.02,336186000.0,,,9775000.0,69560000.0,-4353000.0,580000.0,-739000.0,26788000.0,11113000.0,376000.0
IFMI,2012-12-31,False,FY,2012,10-K,95240000.0,295000.0,-968000.0,-0.09,-0.09,0.08,341001000.0,,,14500000.0,75788000.0,14748000.0,9110000.0,-27717000.0,25847000.0,11113000.0,193000.0
IFMI,2014-03-31,False,Q1,2014,10-Q,13187000.0,-1692000.0,-2098000.0,-0.14,-0.14,0.02,287186000.0,,,28286000.0,58528000.0,1444000.0,14088000.0,-410000.0,30008000.0,11113000.0,
IFMI,2013-06-30,False,Q2,2013,10-Q,13734000.0,-5898000.0,-4702000.0,-0.4,-0.4,0.02,357121000.0,,,9916000.0,62745000.0,-5281000.0,2646000.0,-1774000.0,26400000.0,11113000.0,548000.0
IFMI,2013-09-30,False,Q3,2013,10-Q,18086000.0,-1170000.0,-104000.0,-0.01,-0.01,0.02,273946000.0,,,22313000.0,67603000.0,-5786000.0,3433000.0,10258000.0,34590000.0,11113000.0,726000.0
IFMI,2013-12-31,False,FY,2013,10-K,57517000.0,-21104000.0,-13318000.0,-1.08,-1.08,0.08,216795000.0,,,13161000.0,61183000.0,-8231000.0,2941000.0,4032000.0,29674000.0,11113000.0,849000.0
IFMI,2014-09-30,False,Q3,2014,10-Q,10552000.0,-583000.0,-1255000.0,-0.08,-0.08,0.02,276915000.0,,,7248000.0,53296000.0,-800000.0,-382000.0,-4685000.0,27580000.0,7992000.0,143000.0
IFMI,2014-06-30,False,Q2,2014,10-Q,14235000.0,-1660000.0,-2123000.0,-0.14,-0.14,0.02,214714000.0,,,12928000.0,55577000.0,1160000.0,2664000.0,-4070000.0,27230000.0,7992000.0,127000.0
IFMI,2015-03-31,False,Q1,2015,10-Q,12794000.0,281000.0,-558000.0,-0.04,-0.04,0.02,317597000.0,,,5082000.0,55652000.0,-9392000.0,2890000.0,-411000.0,28198000.0,7992000.0,85000.0
IFMI,2014-12-31,False,FY,2014,10-K,55750000.0,288000.0,-2585000.0,-0.17,-0.17,0.08,296087000.0,,,12253000.0,56494000.0,4114000.0,464000.0,-5289000.0,27939000.0,7992000.0,184000.0
IFMI,2015-09-30,False,Q3,2015,10-Q,12927000.0,558000.0,-533000.0,-0.03,-0.03,0.02,386292000.0,,,13379000.0,54210000.0,-7980000.0,10504000.0,-1250000.0,28711000.0,7992000.0,110000.0
IFMI,2016-03-31,False,Q1,2016,10-Q,13735000.0,1264000.0,199000.0,0.01,0.01,0.02,398495000.0,,,5615000.0,44415000.0,-7130000.0,1187000.0,-2554000.0,28796000.0,7992000.0,76000.0
IFMI,2016-06-30,False,Q2,2016,10-Q,14365000.0,2210000.0,830000.0,0.07,0.07,0.02,584585000.0,,,7683000.0,45332000.0,-8378000.0,5044000.0,-2964000.0,29048000.0,7992000.0,163000.0
IFMI,2015-06-30,False,Q2,2015,10-Q,11051000.0,511000.0,-345000.0,-0.02,-0.02,0.02,410709000.0,,,12878000.0,55149000.0,-7010000.0,8514000.0,-822000.0,28460000.0,7992000.0,95000.0
IFMI,2016-12-31,False,FY,2016,10-K,55348000.0,8586000.0,2267000.0,0.19,0.19,0.08,561271000.0,,,15216000.0,46762000.0,-8731000.0,7951000.0,2268000.0,29523000.0,7992000.0,223000.0
IFMI,2017-03-31,False,Q1,2017,10-Q,14492000.0,2588000.0,672000.0,0.06,0.05,0.02,572883000.0,,,11178000.0,47770000.0,-19892000.0,606000.0,15196000.0,43477000.0,7992000.0,20000.0
IFMI,2016-09-30,False,Q3,2016,10-Q,14090000.0,2651000.0,1041000.0,0.09,0.09,0.02,521375000.0,,,10085000.0,46633000.0,-7909000.0,7477000.0,-3384000.0,29290000.0,7992000.0,210000.0
COHN,2018-03-31,False,Q1,2018,10-Q,9338000.0,-360000.0,-1474000.0,-1.26,-1.26,0.2,2413045000.0,,,11756000.0,45709000.0,4655000.0,-15723000.0,-186000.0,44403000.0,7992000.0,39000.0
IFMI,2017-06-30,False,Q2,2017,10-Q,11374000.0,1726000.0,426000.0,0.04,0.03,0.02,699409000.0,,,10716000.0,48229000.0,-21816000.0,2752000.0,14349000.0,43647000.0,7992000.0,56000.0
COHN,2017-12-31,False,FY,2017,10-K,47542000.0,7402000.0,2064000.0,1.71,1.6,0.8,2036258000.0,,,22933000.0,48156000.0,-11916000.0,-3896000.0,23118000.0,44177000.0,7992000.0,143000.0
COHN,2018-06-30,False,Q2,2018,10-Q,12190000.0,1375000.0,80000.0,0.07,0.07,0.2,2754761000.0,,,16621000.0,44940000.0,12308000.0,-16863000.0,-1644000.0,44622000.0,7992000.0,307000.0
COHN,2017-09-30,False,Q3,2017,10-Q,10001000.0,989000.0,-547000.0,-0.45,-0.45,0.2,690255000.0,,,22133000.0,47240000.0,-20331000.0,2969000.0,23933000.0,43917000.0,7992000.0,73000.0
IFMI,2015-12-31,False,FY,2015,10-K,46156000.0,-1661000.0,-4079000.0,-0.28,-0.28,0.08,308825000.0,,,14115000.0,46176000.0,-4152000.0,11871000.0,-5620000.0,28945000.0,7992000.0,149000.0
COHN,2018-09-30,False,Q3,2018,10-Q,12237000.0,356000.0,-651000.0,-0.57,-0.57,0.2,4820292000.0,,,5166000.0,43224000.0,-599000.0,-13289000.0,-3723000.0,43372000.0,7992000.0,579000.0
