symbol,end_date,amend,period_focus,fiscal_year,doc_type,revenues,op_income,net_income,eps_basic,eps_diluted,dividend,assets,cur_assets,cur_liab,cash,equity,cash_flow_op,cash_flow_inv,cash_flow_fin,debt,goodwill,cap_ex
CONE,2018-12-31,False,FY,2018,10-K,821400000.0,89700000.0,1200000.0,0.0,0.0,1.84,5592500000.0,,,64400000.0,2226000000.0,309300000.0,-1341100000.0,944700000.0,2624700000.0,455100000.0,182300000.0
CONE,2014-09-30,False,Q3,2014,10-Q,84800000.0,9600000.0,-100000.0,0.0,0.0,0.21,1538000000.0,,,30400000.0,740000000.0,88300000.0,-194900000.0,-11800000.0,555000000.0,276200000.0,194900000.0
CONE,2013-03-31,False,Q1,2013,10-Q,1400000.0,5800000.0,-1000000.0,-0.05,-0.05,0.16,1574000000.0,,,328600000.0,816500000.0,22900000.0,-43100000.0,336500000.0,525000000.0,276200000.0,26700000.0
CONE,2013-09-30,False,Q3,2013,10-Q,67500000.0,8500000.0,-800000.0,-0.05,-0.05,0.16,1519900000.0,,,213200000.0,790400000.0,62800000.0,-153500000.0,291600000.0,525000000.0,276200000.0,124600000.0
CONE,2013-12-31,False,FY,2013,10-K,263500000.0,11600000.0,-5300000.0,-0.28,-0.28,0.0,1506800000.0,,,148800000.0,777600000.0,77400000.0,-216700000.0,275800000.0,525000000.0,276200000.0,172900000.0
CONE,2014-03-31,False,Q1,2014,10-Q,77500000.0,11800000.0,200000.0,0.0,0.0,0.21,1528100000.0,,,125200000.0,766800000.0,37900000.0,-49700000.0,-11800000.0,525000000.0,276200000.0,49700000.0
CONE,2013-06-30,False,Q2,2013,10-Q,63600000.0,5600000.0,-2300000.0,-0.12,-0.12,0.16,1519800000.0,,,267100000.0,801200000.0,39500000.0,-89200000.0,304500000.0,525000000.0,276200000.0,67000000.0
CONE,2015-06-30,False,Q2,2015,10-Q,89100000.0,2600000.0,-5800000.0,-0.11,-0.11,0.315,1991700000.0,,,413500000.0,865600000.0,61700000.0,-91500000.0,406800000.0,729800000.0,276200000.0,74200000.0
CONE,2014-12-31,False,FY,2014,10-K,330900000.0,40000000.0,-8600000.0,-0.3,-0.3,0.84,1586500000.0,,,36500000.0,717000000.0,111100000.0,-284200000.0,60800000.0,659800000.0,276200000.0,284200000.0
CONE,2015-03-31,False,Q1,2015,10-Q,85700000.0,1600000.0,-4600000.0,-0.12,-0.12,0.315,1576600000.0,,,26000000.0,691200000.0,33300000.0,-49200000.0,5400000.0,679800000.0,276200000.0,31900000.0
CONE,2016-03-31,False,Q1,2016,10-Q,117800000.0,17900000.0,5400000.0,0.07,0.07,0.38,2483500000.0,,,87700000.0,1042100000.0,52800000.0,-208800000.0,229400000.0,1010300000.0,453400000.0,131100000.0
CONE,2015-09-30,False,Q3,2015,10-Q,111200000.0,7500000.0,-4900000.0,-0.08,-0.08,0.315,2181600000.0,,,39800000.0,841100000.0,101500000.0,-556600000.0,458400000.0,982700000.0,453400000.0,140900000.0
CONE,2016-12-31,False,FY,2016,10-K,529100000.0,70500000.0,19200000.0,0.24,0.24,1.52,2852400000.0,,,14600000.0,1162000000.0,180600000.0,-729600000.0,549300000.0,1240100000.0,455100000.0,600000000.0
CONE,2016-06-30,False,Q2,2016,10-Q,130100000.0,21100000.0,8900000.0,0.11,0.11,0.38,2511300000.0,,,13200000.0,1024500000.0,92900000.0,-377000000.0,283000000.0,1096200000.0,453400000.0,247100000.0
CONE,2015-12-31,False,FY,2015,10-K,399300000.0,22800000.0,-16400000.0,-0.3,-0.3,1.26,2195600000.0,,,14300000.0,821600000.0,140200000.0,-625600000.0,463200000.0,996500000.0,453400000.0,217200000.0
CONE,2017-03-31,False,Q1,2017,10-Q,149300000.0,19800000.0,-30600000.0,-0.36,-0.36,0.42,3543800000.0,,,20400000.0,1303600000.0,55200000.0,-675400000.0,626000000.0,1731800000.0,455100000.0,182500000.0
CONE,2016-09-30,False,Q3,2016,10-Q,143800000.0,18800000.0,4200000.0,0.05,0.05,0.38,2696300000.0,,,11000000.0,1189700000.0,141600000.0,-555000000.0,410100000.0,1065700000.0,455100000.0,54500000.0
CONE,2018-03-31,False,Q1,2018,10-Q,196600000.0,27700000.0,43500000.0,0.45,0.45,0.46,4498300000.0,,,228700000.0,1854600000.0,44200000.0,-145200000.0,177800000.0,2178300000.0,455100000.0,145200000.0
CONE,2017-06-30,False,Q2,2017,10-Q,166900000.0,16700000.0,-1000000.0,-0.01,-0.01,0.42,3816600000.0,,,40000000.0,1465900000.0,121500000.0,-978100000.0,882000000.0,1832500000.0,455100000.0,485000000.0
CONE,2017-09-30,False,Q3,2017,10-Q,175300000.0,-36300000.0,-55300000.0,-0.61,-0.61,0.42,3883800000.0,,,24600000.0,1376400000.0,190100000.0,-1201500000.0,1021400000.0,2013700000.0,455100000.0,709100000.0
CONE,2016-12-31,False,FY,2016,10-K,529100000.0,70500000.0,19200000.0,0.24,0.24,1.52,2852400000.0,,,14600000.0,1162000000.0,180600000.0,-729600000.0,549300000.0,1240100000.0,455100000.0,600000000.0
CONE,2014-06-30,False,Q2,2014,10-Q,81700000.0,7400000.0,-1100000.0,-0.06,-0.06,0.21,1506100000.0,,,49300000.0,751000000.0,44000000.0,-116800000.0,-26700000.0,525000000.0,276200000.0,116800000.0
CONE,2018-06-30,False,Q2,2018,10-Q,196900000.0,27000000.0,105600000.0,1.07,1.06,0.46,4628700000.0,,,116200000.0,1928200000.0,148500000.0,-322700000.0,138500000.0,2179500000.0,455100000.0,
CONE,2018-09-30,False,Q3,2018,10-Q,206600000.0,20200000.0,-42700000.0,-0.43,-0.43,0.46,5493100000.0,,,61000000.0,2239000000.0,202900000.0,-1093000000.0,799100000.0,2576200000.0,455100000.0,159600000.0
CONE,2017-12-31,False,FY,2017,10-K,672000000.0,24100000.0,-84400000.0,-0.95,-0.95,1.68,4312100000.0,,,151900000.0,1713900000.0,289500000.0,-1506800000.0,1354600000.0,2089400000.0,455100000.0,20200000.0
