symbol,end_date,amend,period_focus,fiscal_year,doc_type,revenues,op_income,net_income,eps_basic,eps_diluted,dividend,assets,cur_assets,cur_liab,cash,equity,cash_flow_op,cash_flow_inv,cash_flow_fin,debt,goodwill,cap_ex
COP,2012-06-30,False,Q2,2012,10-Q,13988000000.0,,551000000.0,1.82,1.8,0.66,114008000000.0,16912000000.0,18360000000.0,1044000000.0,46443000000.0,6532000000.0,-5925000000.0,-5351000000.0,,,
COP,2011-06-30,False,Q2,2011,10-Q,65627000000.0,,3402000000.0,2.43,2.41,0.66,160068000000.0,34678000000.0,29344000000.0,5505000000.0,70578000000.0,8221000000.0,-4894000000.0,-7296000000.0,,3606000000.0,
COP,2011-12-31,False,FY,2011,10-K,244813000000.0,,12436000000.0,9.04,8.97,2.64,153230000000.0,30218000000.0,28068000000.0,5780000000.0,65734000000.0,19646000000.0,-7015000000.0,-16305000000.0,22623000000.0,3332000000.0,
COP,2012-09-30,False,Q3,2012,10-Q,14520000000.0,,1798000000.0,1.47,1.46,0.66,115369000000.0,15781000000.0,17383000000.0,1268000000.0,47877000000.0,10052000000.0,-8698000000.0,-5883000000.0,,0.0,
COP,2011-09-30,False,Q3,2011,10-Q,62784000000.0,,2616000000.0,1.93,1.91,0.66,154689000000.0,32391000000.0,28936000000.0,3437000000.0,66326000000.0,13834000000.0,-8139000000.0,-11618000000.0,,3606000000.0,
COP,2013-03-31,False,Q1,2013,10-Q,14166000000.0,,2139000000.0,1.74,1.73,0.66,117780000000.0,24235000000.0,18315000000.0,5422000000.0,49240000000.0,4730000000.0,-2433000000.0,-330000000.0,,,
COP,2013-06-30,False,Q2,2013,10-Q,13350000000.0,,2050000000.0,1.66,1.65,0.66,116947000000.0,22602000000.0,16715000000.0,3909000000.0,48932000000.0,8471000000.0,-5848000000.0,-2175000000.0,,,
COP,2012-12-31,False,FY,2012,10-K,57967000000.0,,8428000000.0,6.77,6.72,2.64,117144000000.0,23989000000.0,17443000000.0,3618000000.0,48427000000.0,13922000000.0,-11627000000.0,-4481000000.0,21725000000.0,,
COP,2011-03-31,False,Q1,2011,10-Q,56530000000.0,,3028000000.0,2.11,2.09,0.66,159643000000.0,35613000000.0,29218000000.0,6172000000.0,70521000000.0,1947000000.0,-2211000000.0,-3061000000.0,,3630000000.0,
COP,2018-12-31,False,FY,2018,10-K,38727000000.0,,6257000000.0,5.36,5.32,0.0,69980000000.0,13274000000.0,7395000000.0,5915000000.0,32064000000.0,12934000000.0,-3843000000.0,-9359000000.0,14968000000.0,,6750000000.0
COP,2013-09-30,False,Q3,2013,10-Q,13643000000.0,,2480000000.0,2.01,2.0,0.69,119760000000.0,22557000000.0,16335000000.0,3883000000.0,51537000000.0,12176000000.0,-8566000000.0,-3260000000.0,,,
COP,2014-06-30,False,Q2,2014,10-Q,13821000000.0,,2081000000.0,1.68,1.67,0.69,121648000000.0,18836000000.0,16191000000.0,6142000000.0,55686000000.0,9958000000.0,-7963000000.0,-2143000000.0,,,
COP,2014-03-31,False,Q1,2014,10-Q,15415000000.0,,2123000000.0,1.72,1.71,0.69,120025000000.0,20400000000.0,17117000000.0,7520000000.0,53621000000.0,6336000000.0,-3698000000.0,-1354000000.0,,,
COP,2013-12-31,False,FY,2013,10-K,54413000000.0,,9156000000.0,7.43,7.38,2.7,118057000000.0,19023000000.0,15129000000.0,6246000000.0,52492000000.0,16087000000.0,-6251000000.0,-7133000000.0,21662000000.0,,
COP,2012-03-31,False,Q1,2012,10-Q,56132000000.0,,2937000000.0,2.29,2.27,0.66,162881000000.0,37066000000.0,36430000000.0,3707000000.0,67043000000.0,4182000000.0,-3010000000.0,-3270000000.0,,3330000000.0,
COP,2009-09-30,False,Q3,2009,10-Q,40173000000.0,,1503000000.0,1.0,1.0,0.47,152427000000.0,22253000000.0,24656000000.0,641000000.0,62097000000.0,7385000000.0,-7429000000.0,-168000000.0,,3715000000.0,
COP,2009-06-30,False,Q2,2009,10-Q,35448000000.0,,1298000000.0,0.87,0.87,0.47,150073000000.0,23074000000.0,23089000000.0,888000000.0,58929000000.0,4452000000.0,-5508000000.0,1100000000.0,,3715000000.0,
COP,2009-12-31,False,FY,2009,10-K,149341000000.0,,4858000000.0,3.26,3.24,0.0,152588000000.0,21167000000.0,23695000000.0,542000000.0,63057000000.0,12479000000.0,-9935000000.0,-2855000000.0,,3638000000.0,
COP,2010-06-30,False,Q2,2010,10-Q,45686000000.0,,4164000000.0,2.79,2.77,0.55,151456000000.0,26666000000.0,25668000000.0,4120000000.0,65945000000.0,6515000000.0,1683000000.0,-4640000000.0,,3638000000.0,
COP,2010-03-31,False,Q1,2010,10-Q,44821000000.0,,2098000000.0,1.41,1.4,0.5,154810000000.0,23593000000.0,26605000000.0,855000000.0,63417000000.0,3040000000.0,-2157000000.0,-574000000.0,,3635000000.0,
COP,2010-09-30,False,Q3,2010,10-Q,47208000000.0,,3055000000.0,2.06,2.05,0.55,155333000000.0,35317000000.0,25421000000.0,7996000000.0,69917000000.0,10854000000.0,5784000000.0,-9327000000.0,,3637000000.0,
COP,2010-12-31,False,FY,2010,10-K,189441000000.0,,11358000000.0,7.68,7.62,2.15,156314000000.0,34660000000.0,27419000000.0,9454000000.0,69109000000.0,17045000000.0,4665000000.0,-12819000000.0,23592000000.0,3633000000.0,
COP,2014-09-30,False,Q3,2014,10-Q,12080000000.0,,2704000000.0,2.18,2.17,0.73,118986000000.0,16253000000.0,14141000000.0,5408000000.0,55661000000.0,14138000000.0,-11774000000.0,-3116000000.0,,,
COP,2015-09-30,False,Q3,2015,10-Q,7262000000.0,,-1071000000.0,-0.87,-0.87,0.74,105949000000.0,9664000000.0,8287000000.0,2413000000.0,44555000000.0,5976000000.0,-8029000000.0,-454000000.0,,,7913000000.0
COP,2016-03-31,False,Q1,2016,10-Q,5121000000.0,,-1469000000.0,-1.18,-1.18,0.25,99834000000.0,10934000000.0,8825000000.0,4866000000.0,39407000000.0,421000000.0,-2065000000.0,4137000000.0,,,1821000000.0
COP,2015-06-30,False,Q2,2015,10-Q,8293000000.0,,-179000000.0,-0.15,-0.15,0.73,112003000000.0,11944000000.0,8734000000.0,3813000000.0,48969000000.0,4042000000.0,-5780000000.0,536000000.0,,,5739000000.0
COP,2017-03-31,False,Q1,2017,10-Q,7518000000.0,,586000000.0,0.47,0.47,0.27,87973000000.0,10728000000.0,7526000000.0,3109000000.0,35601000000.0,1790000000.0,-974000000.0,-1344000000.0,,,966000000.0
COP,2014-12-31,False,FY,2014,10-K,52524000000.0,,6869000000.0,5.54,5.51,2.84,116539000000.0,15068000000.0,11537000000.0,5062000000.0,52273000000.0,16735000000.0,-15131000000.0,-2574000000.0,22565000000.0,,17085000000.0
COP,2016-09-30,False,Q3,2016,10-Q,6415000000.0,,-1040000000.0,-0.84,-0.84,0.25,94284000000.0,9641000000.0,7537000000.0,4090000000.0,36456000000.0,2960000000.0,-3912000000.0,2670000000.0,,,3870000000.0
COP,2015-03-31,False,Q1,2015,10-Q,7716000000.0,,272000000.0,0.22,0.22,0.73,110042000000.0,10840000000.0,9563000000.0,2664000000.0,49008000000.0,1870000000.0,-3116000000.0,-1019000000.0,,,3332000000.0
COP,2016-06-30,False,Q2,2016,10-Q,5348000000.0,,-1071000000.0,-0.86,-0.86,0.25,96054000000.0,9259000000.0,7348000000.0,2863000000.0,37831000000.0,1680000000.0,-4187000000.0,3017000000.0,,,2954000000.0
COP,2016-12-31,False,FY,2016,10-K,23693000000.0,,-3615000000.0,-2.91,-2.91,1.0,89772000000.0,8609000000.0,6909000000.0,3610000000.0,35226000000.0,4403000000.0,-3859000000.0,764000000.0,27275000000.0,,4869000000.0
COP,2015-12-31,False,FY,2015,10-K,29564000000.0,,-4428000000.0,-3.58,-3.58,2.94,97484000000.0,8789000000.0,9256000000.0,2368000000.0,40082000000.0,7572000000.0,-8655000000.0,-1429000000.0,24880000000.0,,10050000000.0
COP,2017-09-30,False,Q3,2017,10-Q,6688000000.0,,420000000.0,0.35,0.34,0.27,74861000000.0,16954000000.0,7131000000.0,6911000000.0,30712000000.0,4596000000.0,8231000000.0,-9770000000.0,,,3074000000.0
COP,2017-12-31,False,FY,2017,10-K,29106000000.0,,-855000000.0,-0.7,-0.7,1.06,73362000000.0,16512000000.0,9397000000.0,6325000000.0,30801000000.0,7077000000.0,7762000000.0,-12356000000.0,19703000000.0,,4591000000.0
COP,2017-06-30,False,Q2,2017,10-Q,6781000000.0,,-3440000000.0,-2.78,-2.78,0.27,78004000000.0,19879000000.0,9926000000.0,7534000000.0,30499000000.0,3541000000.0,6223000000.0,-5943000000.0,,,1986000000.0
COP,2018-06-30,False,Q2,2018,10-Q,1715000000.0,,62000000.0,,,0.0,68936000000.0,11608000000.0,6638000000.0,3234000000.0,31222000000.0,5741000000.0,-2027000000.0,-6779000000.0,16581000000.0,,3534000000.0
COP,2018-06-30,False,Q2,2018,10-Q,9240000000.0,,1640000000.0,1.4,1.39,0.29,68936000000.0,11608000000.0,6638000000.0,3234000000.0,31222000000.0,5741000000.0,-2027000000.0,-6779000000.0,16581000000.0,,3534000000.0
COP,2018-03-31,False,Q1,2018,10-Q,8961000000.0,,888000000.0,0.75,0.75,0.285,70727000000.0,13187000000.0,7109000000.0,4984000000.0,30718000000.0,2399000000.0,-78000000.0,-3776000000.0,18908000000.0,,1535000000.0
COP,2018-09-30,False,Q3,2018,10-Q,10165000000.0,,1861000000.0,1.6,1.59,0.29,70556000000.0,14723000000.0,7401000000.0,3716000000.0,32079000000.0,9151000000.0,-3665000000.0,-8042000000.0,16554000000.0,,5133000000.0
