symbol,end_date,amend,period_focus,fiscal_year,doc_type,revenues,op_income,net_income,eps_basic,eps_diluted,dividend,assets,cur_assets,cur_liab,cash,equity,cash_flow_op,cash_flow_inv,cash_flow_fin,debt,goodwill,cap_ex
TTO,2012-05-31,False,Q2,2012,10-Q,2078202.0,-125865.0,1976760.0,0.22,0.22,0.11,104734639.0,,,3078640.0,96165144.0,1770211.0,-27245.0,-1457652.0,928453.0,,30321.0
CORR,2018-12-31,False,FY,2018,10-K,89231598.0,44067417.0,34163499.0,2.86,2.79,3.0,624883180.0,,,69287177.0,455011305.0,48622740.0,56816490.0,-51939122.0,150038380.0,1718868.0,105357.0
CORR,2013-09-30,False,Q3,2013,10-Q,7574112.0,1288401.0,439452.0,0.02,0.02,0.125,284394660.0,96060.0,339914.0,18918718.0,204224630.0,3120463.0,6620795.0,-8503323.0,,,42242.0
CORR,2013-06-30,False,Q2,2013,10-Q,7568016.0,1600269.0,70072.0,0.0,0.0,0.125,288661953.0,120814.0,387404.0,21109551.0,207521975.0,5008183.0,6147527.0,-7726942.0,,,42242.0
CORR,2013-03-31,False,Q1,2013,10-Q,8153817.0,1800439.0,2412753.0,0.1,0.1,0.125,289637020.0,129063.0,422094.0,18196151.0,210671037.0,-1448826.0,4824936.0,-2860742.0,70000000.0,,41163.0
CORR,2012-11-30,False,FY,2012,10-K,10573997.0,-243704.0,12348721.0,1.34,1.34,0.44,111431833.0,,,14333456.0,98855785.0,9648492.0,9013217.0,-7121579.0,,,30321.0
TTO,2012-08-31,True,Q3,2012,10-Q,2565870.0,-213033.0,4988508.0,0.54,0.54,0.11,111545348.0,,,11783529.0,100175854.0,2833355.0,9327027.0,-3170179.0,910863.0,,30321.0
CORR,2014-06-30,False,Q2,2014,10-Q,9019012.0,2865268.0,3005908.0,0.1,0.1,0.129,327826769.0,57298543.0,30885158.0,18986616.0,248173218.0,12340116.0,-47002656.0,35685890.0,,,0.0
CORR,2014-03-31,False,Q1,2014,10-Q,10047557.0,2537525.0,2105159.0,0.07,0.07,0.125,331595675.0,48678805.0,31221244.0,23095733.0,250584857.0,8115288.0,-45504339.0,42521518.0,,,0.0
CORR,2013-12-31,True,FY,2013,10-K,31286020.0,6255635.0,4502339.0,0.19,0.19,0.375,283875659.0,128631.0,407476.0,17963266.0,205541370.0,7708012.0,5410219.0,-12835748.0,,,40670.0
CORR,2014-09-30,False,Q3,2014,10-Q,9345878.0,2757061.0,1888418.0,0.06,0.06,0.13,324325185.0,60451310.0,33630413.0,5476216.0,245982688.0,17778861.0,-60172913.0,29907002.0,,,11970.0
CORR,2014-12-31,False,FY,2014,10-K,40308573.0,10648815.0,7013856.0,0.21,0.21,0.514,443815842.0,25783000.0,14317000.0,7578164.0,337541042.0,16938553.0,-177075793.0,149752138.0,32141277.0,1718868.0,11970.0
TTO,2012-02-29,False,Q1,2012,10-Q,3075554.0,196227.0,5747041.0,0.63,0.63,0.11,104216524.0,,,3470268.0,95163892.0,-321722.0,-26646.0,1025310.0,2237355.0,,29722.0
CORR,2016-09-30,False,Q3,2016,10-Q,22115485.0,11867189.0,8194076.0,0.69,0.68,0.75,657939190.0,20504.0,14048.0,10107754.0,435113755.0,41654565.0,194197.0,-46359748.0,202746485.0,1718868.0,475581.0
CORR,2015-12-31,False,FY,2015,10-K,71288935.0,21563606.0,8471083.0,0.79,0.79,2.75,678490022.0,24276.0,19993.0,14618740.0,444194306.0,42600618.0,-244612616.0,209052574.0,62532000.0,1718868.0,138918.0
CORR,2016-03-31,False,Q1,2016,10-Q,22257867.0,7663684.0,2354012.0,0.2,0.2,0.75,669370341.0,22303.0,15995.0,12849652.0,437840933.0,16713620.0,-79303.0,-18403405.0,42300000.0,1718868.0,101919.0
CORR,2017-03-31,False,Q1,2017,10-Q,22077116.0,11674398.0,6632369.0,0.56,0.56,0.75,649346368.0,16182.0,13593.0,11375702.0,432260569.0,15567734.0,31055.0,-12118171.0,198434429.0,1718868.0,0.0
CORR,2015-03-31,False,Q1,2015,10-Q,13987883.0,4924234.0,3349128.0,0.07,0.07,0.13,461878833.0,21854.0,14099.0,26634586.0,389265828.0,6161545.0,-2059684.0,14954561.0,565583.0,1718868.0,16464.0
CORR,2016-06-30,False,Q2,2016,10-Q,22060752.0,11802903.0,7917418.0,0.66,0.66,0.75,659109143.0,23828.0,17578.0,8116117.0,435286276.0,26014590.0,296289.0,-32813502.0,206330789.0,1718868.0,372230.0
CORR,2015-09-30,False,Q3,2015,10-Q,22140450.0,4011173.0,-609890.0,-0.01,-0.01,0.135,689584860.0,29313.0,22509.0,16862808.0,450010624.0,30912316.0,-243829094.0,222201422.0,0.0,1718868.0,113262.0
CORR,2015-06-30,False,Q2,2015,10-Q,12681670.0,5438372.0,3148029.0,0.07,0.06,0.135,696477687.0,31379.0,16513.0,12440444.0,459329126.0,14610279.0,-242251787.0,232503788.0,42149925.0,1718868.0,19820.0
CORR,2016-12-31,False,FY,2016,10-K,89250586.0,42979521.0,25514763.0,2.14,2.14,3.0,650732571.0,20413.0,14307.0,7895084.0,433909480.0,51108652.0,479090.0,-58311398.0,200632880.0,1718868.0,191926.0
CORR,2017-06-30,False,Q2,2017,10-Q,21825872.0,11898558.0,6877043.0,0.58,0.58,0.75,670730109.0,17787.0,14902.0,37280689.0,501372296.0,27791774.0,48083.0,1545748.0,152674184.0,1718868.0,13745.0
CORR,2018-06-30,False,Q2,2018,10-Q,22150016.0,11217634.0,5413974.0,0.45,0.45,0.75,623363396.0,,,14175860.0,452827928.0,22517701.0,-36384.0,-24092526.0,151424375.0,1718868.0,47883.0
CORR,2018-03-31,False,Q1,2018,10-Q,21544838.0,10455555.0,5310833.0,0.45,0.45,0.75,630423722.0,,,17330097.0,456020552.0,13746622.0,-36384.0,-12167210.0,152096373.0,1718868.0,47883.0
CORR,2017-09-30,False,Q3,2017,10-Q,22444304.0,11409912.0,6780409.0,0.57,0.57,0.75,647939143.0,20789.0,18950.0,15533509.0,499254824.0,42837537.0,40277.0,-35239389.0,129369462.0,1718868.0,50924.0
CORR,2018-09-30,False,Q3,2018,10-Q,22636705.0,11058766.0,5300449.0,0.44,0.44,0.75,622933768.0,,,19611813.0,449753608.0,39720549.0,-76981.0,-35818824.0,150710378.0,1718868.0,94980.0
CORR,2017-12-31,False,FY,2017,10-K,88749377.0,47185463.0,24648802.0,2.07,2.07,3.0,633418113.0,,,15787069.0,461785632.0,56791571.0,7595477.0,-56495063.0,152777437.0,1718868.0,116595.0
