symbol,end_date,amend,period_focus,fiscal_year,doc_type,revenues,op_income,net_income,eps_basic,eps_diluted,dividend,assets,cur_assets,cur_liab,cash,equity,cash_flow_op,cash_flow_inv,cash_flow_fin,debt,goodwill,cap_ex
COT,2018-12-29,False,FY,2018,10-K,2372900000.0,58800000.0,382900000.0,2.75,2.71,0.24,3175500000.0,635900000.0,561000000.0,170800000.0,1170400000.0,244300000.0,-282700000.0,-296600000.0,1342200000.0,1143900000.0,130800000.0
COT,2011-10-01,False,Q3,2011,10-Q,611300000.0,29000000.0,16200000.0,0.17,0.17,0.0,1500700000.0,534800000.0,254600000.0,28200000.0,583800000.0,63900000.0,-35200000.0,-23300000.0,,129100000.0,31400000.0
COT,2012-03-31,False,Q1,2012,10-Q,523800000.0,21000000.0,5900000.0,0.06,0.06,0.0,1488000000.0,525200000.0,248000000.0,31600000.0,582100000.0,-43100000.0,-25400000.0,-2300000.0,607200000.0,130300000.0,17700000.0
COT,2012-06-30,False,Q2,2012,10-Q,625800000.0,43200000.0,25100000.0,0.27,0.26,0.0,1528700000.0,576900000.0,266800000.0,47100000.0,602300000.0,38100000.0,-19700000.0,-2000000.0,606300000.0,129600000.0,37400000.0
COT,2011-12-31,False,FY,2011,10-K,2334600000.0,100700000.0,37600000.0,0.4,0.4,0.0,1508900000.0,550900000.0,284500000.0,100900000.0,568200000.0,163500000.0,-90200000.0,-20300000.0,608000000.0,129600000.0,48800000.0
COT,2012-09-29,False,Q3,2012,10-Q,583800000.0,28600000.0,14500000.0,0.15,0.15,0.0,1534000000.0,587200000.0,248900000.0,88100000.0,630100000.0,58000000.0,-15900000.0,-3300000.0,606100000.0,130800000.0,50600000.0
COT,2013-09-28,False,Q3,2013,10-Q,543200000.0,26000000.0,12000000.0,0.13,0.13,0.06,1560400000.0,619600000.0,263600000.0,125800000.0,622600000.0,87400000.0,-16800000.0,-12900000.0,608100000.0,140400000.0,44700000.0
COT,2011-07-02,False,Q2,2011,10-Q,640000000.0,42900000.0,26500000.0,0.28,0.28,0.0,1593800000.0,599000000.0,340400000.0,24000000.0,584700000.0,21300000.0,-15100000.0,-18100000.0,,131300000.0,23300000.0
COT,2013-03-30,False,Q1,2013,10-Q,505400000.0,15100000.0,-2300000.0,,,0.0,1500100000.0,573800000.0,240400000.0,93000000.0,604800000.0,-58600000.0,-19700000.0,-5500000.0,605400000.0,129700000.0,19900000.0
COT,2013-06-29,False,Q2,2013,10-Q,563800000.0,32600000.0,16500000.0,0.17,0.17,0.06,1546100000.0,597000000.0,267200000.0,66800000.0,608600000.0,34100000.0,-22800000.0,-36500000.0,606600000.0,139400000.0,34500000.0
COT,2012-12-29,False,FY,2012,10-K,2250600000.0,109700000.0,47800000.0,0.51,0.5,0.0,1565900000.0,625100000.0,289600000.0,179400000.0,622900000.0,173000000.0,-80400000.0,-16200000.0,605800000.0,130300000.0,69700000.0
COT,2014-03-29,False,Q1,2014,10-Q,475100000.0,4100000.0,-3900000.0,-0.04,-0.04,0.06,1454200000.0,547700000.0,408600000.0,40600000.0,595200000.0,-52500000.0,-10300000.0,56100000.0,522600000.0,136500000.0,8800000.0
COT,2013-12-28,False,FY,2013,10-K,2094000000.0,88600000.0,17000000.0,0.18,0.18,0.24,1426100000.0,505100000.0,352900000.0,47200000.0,605900000.0,155200000.0,-71900000.0,-213300000.0,458300000.0,137300000.0,55600000.0
COT,2014-06-28,False,Q2,2014,10-Q,550900000.0,26100000.0,-6000000.0,-0.06,-0.06,0.06,1707100000.0,651700000.0,476100000.0,90900000.0,590600000.0,29600000.0,-93900000.0,113600000.0,655700000.0,191100000.0,20600000.0
COT,2015-04-04,False,Q1,2015,10-Q,709800000.0,6700000.0,-6000000.0,-0.06,-0.06,0.06,3033600000.0,681300000.0,647100000.0,34500000.0,512700000.0,-1100000.0,-29000000.0,-20400000.0,1777600000.0,742400000.0,27300000.0
COT,2015-01-03,False,FY,2014,10-K,2102800000.0,15700000.0,10000000.0,0.11,0.1,0.24,3107700000.0,724100000.0,653300000.0,86200000.0,548900000.0,56700000.0,-850300000.0,835700000.0,1798000000.0,743600000.0,46700000.0
COT,2015-07-04,False,Q2,2015,10-Q,779800000.0,46100000.0,2200000.0,0.02,0.02,0.06,3073500000.0,753100000.0,656000000.0,79000000.0,677000000.0,75700000.0,9600000.0,-41000000.0,1752300000.0,748900000.0,57200000.0
COT,2014-09-27,False,Q3,2014,10-Q,535000000.0,17900000.0,400000.0,0.0,0.0,0.06,1573500000.0,553600000.0,370900000.0,47400000.0,565200000.0,60500000.0,-10700000.0,-91200000.0,608900000.0,187100000.0,31400000.0
COT,2015-10-03,False,Q3,2015,10-Q,755600000.0,28600000.0,4800000.0,0.04,0.04,0.06,2975300000.0,680600000.0,591900000.0,63700000.0,662800000.0,91800000.0,-50400000.0,-55300000.0,1703600000.0,751100000.0,85500000.0
COT,2016-04-02,False,Q1,2016,10-Q,698400000.0,14700000.0,-3300000.0,-0.03,-0.03,0.06,2927600000.0,652000000.0,486900000.0,55100000.0,778900000.0,-18700000.0,-73500000.0,71200000.0,,779800000.0,29500000.0
COT,2016-01-02,False,FY,2015,10-K,2944000000.0,99400000.0,-3400000.0,-0.03,-0.03,0.24,2887300000.0,638600000.0,563000000.0,77100000.0,645900000.0,254600000.0,-99700000.0,-160100000.0,1650800000.0,759600000.0,110800000.0
COT,2016-10-01,False,Q3,2016,10-Q,885100000.0,34600000.0,-3900000.0,-0.03,-0.03,0.06,4114400000.0,936800000.0,867800000.0,118900000.0,976300000.0,91600000.0,-947100000.0,726000000.0,2288200000.0,1186700000.0,101400000.0
COT,2016-07-02,False,Q2,2016,10-Q,765000000.0,36600000.0,7400000.0,0.06,0.06,0.06,3615000000.0,1364200000.0,471600000.0,249500000.0,993900000.0,87600000.0,-38600000.0,147500000.0,2016900000.0,777400000.0,62700000.0
COT,2017-09-30,False,Q3,2017,10-Q,580900000.0,27200000.0,42500000.0,0.3,0.3,0.06,4148500000.0,984600000.0,974800000.0,82000000.0,873800000.0,46200000.0,-41400000.0,-6700000.0,1536600000.0,1097000000.0,97100000.0
COT,2017-07-01,False,Q2,2017,10-Q,1014100000.0,30600000.0,-24600000.0,-0.18,-0.18,0.06,4117600000.0,972100000.0,972900000.0,123200000.0,829500000.0,104900000.0,-67500000.0,-447600000.0,2299800000.0,1217600000.0,81000000.0
COT,2017-04-01,False,Q1,2017,10-Q,896400000.0,10800000.0,-36400000.0,-0.26,-0.26,0.06,4417300000.0,1327700000.0,769800000.0,86100000.0,845800000.0,-3700000.0,-44100000.0,458700000.0,2684200000.0,1184300000.0,40600000.0
COT,2016-12-31,False,FY,2016,10-K,3235900000.0,82200000.0,-77800000.0,-0.61,-0.61,0.24,3939700000.0,853200000.0,810100000.0,118100000.0,873800000.0,269800000.0,-1096600000.0,875700000.0,2200700000.0,1175400000.0,139800000.0
COT,2018-03-31,False,Q1,2018,10-Q,560800000.0,6100000.0,361400000.0,2.58,2.54,0.06,3211800000.0,687400000.0,445600000.0,212300000.0,1263800000.0,22600000.0,-57700000.0,-290200000.0,,1137300000.0,29800000.0
COT,2018-09-29,False,Q3,2018,10-Q,609300000.0,27800000.0,10000000.0,0.07,0.07,0.06,3160100000.0,673900000.0,475500000.0,175700000.0,1214100000.0,78200000.0,-30600000.0,-29200000.0,1275000000.0,1129100000.0,95000000.0
COT,2018-06-30,False,Q2,2018,10-Q,603600000.0,20700000.0,10800000.0,0.08,0.08,0.06,3135200000.0,640800000.0,430200000.0,162400000.0,1238900000.0,35000000.0,-55800000.0,-22100000.0,1264200000.0,1125500000.0,58700000.0
COT,2017-12-30,False,FY,2017,10-K,2269700000.0,48900000.0,-1400000.0,-0.01,-0.01,0.24,4093100000.0,933900000.0,933400000.0,91900000.0,885700000.0,176000000.0,-153600000.0,596500000.0,2287000000.0,1104700000.0,121300000.0
