symbol,end_date,amend,period_focus,fiscal_year,doc_type,revenues,op_income,net_income,eps_basic,eps_diluted,dividend,assets,cur_assets,cur_liab,cash,equity,cash_flow_op,cash_flow_inv,cash_flow_fin,debt,goodwill,cap_ex
CRAY,2011-12-31,False,FY,2011,10-K,236046000.0,1157000.0,14329000.0,0.41,0.4,0.0,283099000.0,237381000.0,99648000.0,50411000.0,166814000.0,-3823000.0,-4779000.0,1462000.0,,,4916000.0
CRAY,2011-09-30,False,Q3,2011,10-Q,36705000.0,-12278000.0,-12232000.0,,,0.0,255512000.0,220457000.0,109853000.0,88265000.0,133770000.0,33641000.0,-3611000.0,836000.0,,,3748000.0
CRAY,2011-06-30,False,Q2,2011,10-Q,67920000.0,-2918000.0,-2958000.0,,,0.0,244852000.0,210339000.0,88166000.0,131827000.0,141508000.0,75527000.0,-2141000.0,738000.0,,,2276000.0
CRAY,2018-12-31,False,FY,2018,10-K,455948000.0,-74248000.0,-71681000.0,-1.76,-1.76,0.0,517132000.0,420244000.0,129338000.0,228434000.0,343379000.0,101850000.0,3748000.0,-677000.0,0.0,14182000.0,5265000.0
CRAY,2012-03-31,False,Q1,2012,10-Q,112307000.0,8403000.0,4964000.0,0.14,0.13,0.0,351202000.0,307219000.0,160540000.0,108801000.0,172705000.0,57927000.0,-482000.0,766000.0,,,758000.0
CRAY,2013-09-30,False,Q3,2013,10-Q,54366000.0,-17579000.0,-11025000.0,-0.29,-0.29,0.0,500806000.0,412290000.0,136856000.0,56619000.0,322645000.0,-174252000.0,-21604000.0,-339000.0,,14182000.0,6122000.0
CRAY,2012-06-30,False,Q2,2012,10-Q,84183000.0,151466000.0,147422000.0,4.05,3.91,0.0,512363000.0,468177000.0,152826000.0,219459000.0,327412000.0,25705000.0,137186000.0,6089000.0,,,2315000.0
CRAY,2012-09-30,False,Q3,2012,10-Q,35739000.0,-7970000.0,-5151000.0,-0.14,-0.14,0.0,534732000.0,466855000.0,178453000.0,228251000.0,324241000.0,86750000.0,84073000.0,6835000.0,,,4573000.0
CRAY,2013-03-31,False,Q1,2013,10-Q,79547000.0,-12704000.0,-7609000.0,-0.2,-0.2,0.0,475660000.0,388457000.0,104994000.0,165455000.0,338019000.0,-71728000.0,-16806000.0,1143000.0,,14182000.0,1868000.0
CRAY,2013-06-30,False,Q2,2013,10-Q,84467000.0,-9802000.0,-150000.0,0.0,0.0,0.0,502769000.0,409920000.0,124684000.0,149146000.0,338284000.0,-65761000.0,-38405000.0,572000.0,,14182000.0,4422000.0
CRAY,2012-12-31,False,FY,2012,10-K,421058000.0,168056000.0,161241000.0,4.42,4.27,0.0,510314000.0,420687000.0,137335000.0,253065000.0,340546000.0,156892000.0,37694000.0,7827000.0,,14182000.0,10843000.0
CRAY,2014-03-31,False,Q1,2014,10-Q,55110000.0,-21873000.0,-12938000.0,-0.34,-0.34,0.0,575876000.0,464388000.0,149443000.0,187691000.0,365591000.0,61011000.0,-66665000.0,702000.0,,14182000.0,3501000.0
CRAY,2015-03-31,False,Q1,2015,10-Q,79644000.0,-16843000.0,-9394000.0,-0.24,-0.24,0.0,643878000.0,500633000.0,147962000.0,118631000.0,452747000.0,2829000.0,1933000.0,397000.0,,14182000.0,1849000.0
CRAY,2014-09-30,False,Q3,2014,10-Q,159406000.0,5406000.0,7371000.0,0.19,0.18,0.0,543448000.0,417712000.0,124444000.0,82973000.0,375505000.0,-67295000.0,-41071000.0,-1016000.0,,14182000.0,10161000.0
CRAY,2013-12-31,False,FY,2013,10-K,525749000.0,21650000.0,32223000.0,0.85,0.81,0.0,603366000.0,505336000.0,170408000.0,192633000.0,375587000.0,-87350000.0,27211000.0,-93000.0,,14182000.0,13136000.0
CRAY,2014-12-31,False,FY,2014,10-K,561606000.0,9200000.0,62323000.0,1.61,1.54,0.0,651434000.0,508562000.0,146948000.0,112633000.0,453854000.0,-58109000.0,-22755000.0,-70000.0,,14182000.0,17193000.0
CRAY,2014-06-30,False,Q2,2014,10-Q,85147000.0,-13760000.0,-6748000.0,-0.18,-0.18,0.0,606196000.0,493124000.0,192637000.0,120512000.0,358628000.0,-1756000.0,-69882000.0,-536000.0,,14182000.0,6472000.0
CRAY,2016-06-30,False,Q2,2016,10-Q,100235000.0,-15637000.0,-13126000.0,-0.33,-0.33,0.0,696194000.0,551483000.0,170645000.0,212745000.0,499611000.0,-60546000.0,4769000.0,978000.0,,14182000.0,2384000.0
CRAY,2016-09-30,False,Q3,2016,10-Q,77451000.0,-28461000.0,-23021000.0,-0.58,-0.58,0.0,723072000.0,582161000.0,218295000.0,144476000.0,478221000.0,-133489000.0,12043000.0,-641000.0,,14182000.0,3808000.0
CRAY,2015-06-30,False,Q2,2015,10-Q,186161000.0,9632000.0,5781000.0,0.15,0.14,0.0,659825000.0,517792000.0,163101000.0,68175000.0,457698000.0,-38810000.0,-5488000.0,397000.0,,14182000.0,3976000.0
CRAY,2015-09-30,False,Q3,2015,10-Q,191413000.0,18032000.0,10855000.0,0.28,0.27,0.0,768141000.0,633180000.0,261988000.0,190089000.0,468317000.0,68641000.0,11272000.0,-2629000.0,,14182000.0,5066000.0
CRAY,2015-12-31,False,FY,2015,10-K,724689000.0,41004000.0,27537000.0,0.7,0.68,0.0,694175000.0,581286000.0,166099000.0,266660000.0,492510000.0,147756000.0,7216000.0,-1373000.0,0.0,14182000.0,7467000.0
CRAY,2016-12-31,False,FY,2016,10-K,629809000.0,9139000.0,10615000.0,0.27,0.26,0.0,714572000.0,548280000.0,156135000.0,222962000.0,525476000.0,-52313000.0,8998000.0,-540000.0,0.0,14182000.0,7503000.0
CRAY,2017-06-30,False,Q2,2017,10-Q,87135000.0,-11434000.0,-6840000.0,-0.17,-0.17,0.0,700750000.0,501485000.0,159025000.0,170950000.0,502817000.0,41658000.0,-93892000.0,-1059000.0,,14182000.0,13588000.0
CRAY,2017-12-31,False,FY,2017,10-K,392509000.0,-65648000.0,-133829000.0,-3.33,-3.33,0.0,618757000.0,519643000.0,165343000.0,137326000.0,400297000.0,-73341000.0,-13663000.0,-332000.0,0.0,14182000.0,17467000.0
CRAY,2017-09-30,False,Q3,2017,10-Q,79700000.0,-26201000.0,-10232000.0,-0.25,-0.25,0.0,667065000.0,463224000.0,126382000.0,151886000.0,494254000.0,-38684000.0,-32740000.0,-811000.0,,14182000.0,15647000.0
CRAY,2017-03-31,False,Q1,2017,10-Q,59031000.0,-32281000.0,-19215000.0,-0.48,-0.48,0.0,668684000.0,468375000.0,118661000.0,198320000.0,509173000.0,69922000.0,-95569000.0,95000.0,,14182000.0,10289000.0
CRAY,2018-09-30,False,Q3,2018,10-Q,92796000.0,-23213000.0,-22393000.0,-0.55,-0.55,0.0,506369000.0,405904000.0,111731000.0,166848000.0,350252000.0,40421000.0,5200000.0,-1133000.0,,14182000.0,3813000.0
CRAY,2018-03-31,False,Q1,2018,10-Q,79594000.0,-24860000.0,-25008000.0,-0.62,-0.62,0.0,540515000.0,445781000.0,113378000.0,137247000.0,378878000.0,-1015000.0,-604000.0,1380000.0,,14182000.0,2188000.0
CRAY,2018-06-30,False,Q2,2018,10-Q,120203000.0,-12417000.0,-10950000.0,-0.27,-0.27,0.0,519679000.0,427882000.0,103212000.0,142157000.0,370727000.0,-180000.0,5309000.0,-777000.0,,14182000.0,3275000.0
CRAY,2016-03-31,False,Q1,2016,10-Q,105549000.0,-9217000.0,-5013000.0,-0.13,-0.13,0.0,689278000.0,568958000.0,150526000.0,294030000.0,508415000.0,33599000.0,-9277000.0,1602000.0,,14182000.0,951000.0
