symbol,end_date,amend,period_focus,fiscal_year,doc_type,revenues,op_income,net_income,eps_basic,eps_diluted,dividend,assets,cur_assets,cur_liab,cash,equity,cash_flow_op,cash_flow_inv,cash_flow_fin,debt,goodwill,cap_ex
CREX,2018-09-30,False,Q3,2018,10-Q,6001000.0,-508000.0,-983000.0,-0.35,-0.31,0.0,25281000.0,8403000.0,12919000.0,1500000.0,2834000.0,-1348000.0,-255000.0,2100000.0,8375000.0,14989000.0,255000.0
RNIN,2014-06-30,False,Q2,2014,10-Q,1166000.0,-950000.0,-989000.0,-0.17,-0.17,0.0,1678000.0,1333000.0,1447000.0,187000.0,-765000.0,-1551000.0,-128000.0,382000.0,,,28000.0
RNIN,2013-03-31,False,Q1,2013,10-Q,1407000.0,-1405000.0,-1412000.0,,,0.0,4648000.0,4206000.0,2245000.0,3060000.0,2403000.0,-563000.0,-20000.0,1391000.0,,,20000.0
RNIN,2014-03-31,False,Q1,2014,10-Q,1263000.0,-1004000.0,-1083000.0,-0.17,-0.17,0.0,2128000.0,1846000.0,1456000.0,675000.0,-29000.0,-782000.0,-27000.0,,,,27000.0
RNIN,2012-09-30,False,Q3,2012,10-Q,1769000.0,-1179000.0,-1180000.0,0.0,0.0,0.0,5503000.0,4968000.0,2120000.0,3465000.0,3383000.0,-3163000.0,-36000.0,1208000.0,,,36000.0
RNIN,2012-12-31,False,FY,2012,10-K,6704000.0,-5399000.0,-5406000.0,,,0.0,4364000.0,3879000.0,2107000.0,2252000.0,2257000.0,-4760000.0,-47000.0,1586000.0,,,47000.0
RNIN,2013-06-30,False,Q2,2013,10-Q,2626000.0,-70000.0,-76000.0,-0.01,-0.01,0.0,4271000.0,3885000.0,1857000.0,2204000.0,2414000.0,-1411000.0,-23000.0,1391000.0,,,23000.0
RNIN,2013-12-31,False,FY,2013,10-K,6802000.0,-3572000.0,-3597000.0,-0.63,-0.63,0.0,3056000.0,2758000.0,1473000.0,1484000.0,708000.0,-2826000.0,-29000.0,2073000.0,,,29000.0
CREX,2015-03-31,False,Q1,2015,10-Q,2126000.0,-2605000.0,-2046000.0,-0.04,-0.04,0.0,20483000.0,4492000.0,6728000.0,473000.0,9979000.0,-1309000.0,-29000.0,1238000.0,,9210000.0,29000.0
CREX,2015-09-30,False,Q3,2015,10-Q,3369000.0,-1317000.0,-1775000.0,-0.04,-0.04,0.0,18244000.0,2861000.0,8465000.0,264000.0,6136000.0,-1953000.0,-585000.0,2229000.0,,9094000.0,585000.0
CREX,2016-03-31,False,Q1,2016,10-Q,2435000.0,-1597000.0,-1878000.0,-0.03,-0.03,0.0,21735000.0,1956000.0,7347000.0,339000.0,5908000.0,-965000.0,-57000.0,,2488000.0,14354000.0,57000.0
RNIN,2013-09-30,False,Q3,2013,10-Q,1534000.0,-1148000.0,-1154000.0,-0.2,-0.2,0.0,3123000.0,2784000.0,1763000.0,1103000.0,1360000.0,-2120000.0,-23000.0,995000.0,,,23000.0
CREX,2015-06-30,False,Q2,2015,10-Q,2702000.0,-2192000.0,-2370000.0,-0.05,-0.05,0.0,19608000.0,3803000.0,7251000.0,494000.0,7871000.0,-1938000.0,-235000.0,2094000.0,,9094000.0,13000.0
RNIN,2014-09-30,False,Q3,2014,10-Q,4420000.0,-1431000.0,-1785000.0,-0.02,-0.02,0.0,24512000.0,6981000.0,6257000.0,2224000.0,12329000.0,-2857000.0,-1178000.0,6300000.0,,9881000.0,433000.0
CREX,2015-12-31,False,FY,2015,10-K,11471000.0,-7290000.0,-8311000.0,-0.16,-0.16,0.0,23036000.0,2756000.0,7282000.0,1361000.0,7602000.0,-1982000.0,-580000.0,3350000.0,2280000.0,14354000.0,639000.0
CREX,2014-12-31,False,FY,2014,10-K,13418000.0,-4886000.0,-5014000.0,-0.11,-0.11,0.0,21876000.0,5489000.0,6633000.0,573000.0,11254000.0,-3719000.0,-1976000.0,6160000.0,,10572000.0,266000.0
RNIN,2012-03-31,False,Q1,2012,10-Q,1773000.0,-1824000.0,-1828000.0,,,0.0,6315000.0,5642000.0,2004000.0,4232000.0,4311000.0,-1253000.0,-10000.0,21000.0,,,10000.0
RNIN,2011-09-30,False,Q3,2011,10-Q,2301000.0,-1374000.0,-1380000.0,,,0.0,7258000.0,6420000.0,2887000.0,4256000.0,4371000.0,-3385000.0,-123000.0,674000.0,,,123000.0
RNIN,2011-12-31,False,FY,2011,10-K,9274000.0,-6712000.0,-6738000.0,,,0.0,7929000.0,7188000.0,2167000.0,5478000.0,5762000.0,-4618000.0,-149000.0,3159000.0,,,149000.0
RNIN,2011-06-30,False,Q2,2011,10-Q,3054000.0,-1432000.0,-1438000.0,,,0.0,8676000.0,7722000.0,3143000.0,3866000.0,5512000.0,-3697000.0,-107000.0,635000.0,,,107000.0
RNIN,2012-06-30,False,Q2,2012,10-Q,1557000.0,-1206000.0,-1207000.0,0.01,0.01,0.0,4960000.0,4384000.0,1726000.0,3047000.0,3234000.0,-2409000.0,-10000.0,-9000.0,,,10000.0
CREX,2018-03-31,False,Q1,2018,10-Q,4066000.0,-1819000.0,-2349000.0,-0.03,-0.03,0.0,25171000.0,8201000.0,13589000.0,742000.0,2443000.0,-1112000.0,-149000.0,1000000.0,6539000.0,14989000.0,149000.0
CREX,2017-06-30,False,Q2,2017,10-Q,3568000.0,-1022000.0,-1852000.0,-0.03,-0.03,0.0,28160000.0,10571000.0,18620000.0,6080000.0,3826000.0,5320000.0,-306000.0,-286000.0,693000.0,14989000.0,306000.0
CREX,2017-03-31,False,Q1,2017,10-Q,6419000.0,123000.0,293000.0,0.0,0.0,0.0,24198000.0,6376000.0,13706000.0,3404000.0,2580000.0,2979000.0,-141000.0,-786000.0,693000.0,14989000.0,141000.0
CREX,2016-06-30,False,Q2,2016,10-Q,3029000.0,-795000.0,417000.0,0.01,0.0,0.0,23056000.0,3122000.0,11234000.0,373000.0,6543000.0,-1832000.0,-93000.0,937000.0,3936000.0,14989000.0,93000.0
CREX,2016-12-31,False,FY,2016,10-K,13673000.0,-4557000.0,-6373000.0,-0.09,-0.09,0.0,24419000.0,6345000.0,14374000.0,1352000.0,1976000.0,-4106000.0,-292000.0,4389000.0,7635000.0,14989000.0,292000.0
CREX,2017-09-30,False,Q3,2017,10-Q,3575000.0,-3587000.0,-4373000.0,-0.06,-0.06,0.0,28235000.0,10873000.0,19303000.0,4585000.0,4806000.0,3960000.0,-441000.0,-286000.0,693000.0,14989000.0,441000.0
CREX,2017-12-31,False,FY,2017,10-K,17698000.0,-6100000.0,-7196000.0,-0.1,-0.1,0.0,26045000.0,8873000.0,12674000.0,1003000.0,4352000.0,655000.0,-569000.0,-435000.0,5465000.0,14989000.0,569000.0
CREX,2016-09-30,False,Q3,2016,10-Q,2708000.0,-2344000.0,-2760000.0,-0.04,-0.04,0.0,22255000.0,3844000.0,12264000.0,976000.0,3927000.0,-3738000.0,-314000.0,3667000.0,6632000.0,14989000.0,314000.0
CREX,2018-06-30,False,Q2,2018,10-Q,7179000.0,-7000.0,-741000.0,-0.01,-0.01,0.0,29891000.0,12315000.0,17824000.0,5461000.0,2613000.0,2565000.0,-207000.0,2100000.0,7912000.0,14989000.0,207000.0
