symbol,end_date,amend,period_focus,fiscal_year,doc_type,revenues,op_income,net_income,eps_basic,eps_diluted,dividend,assets,cur_assets,cur_liab,cash,equity,cash_flow_op,cash_flow_inv,cash_flow_fin,debt,goodwill,cap_ex
CRMD,2013-03-31,True,Q1,2013,10-Q,,-806776.0,-1247051.0,-0.13,-0.13,0.0,967649.0,950182.0,2082913.0,692720.0,-1126217.0,-617751.0,0.0,475000.0,207467.0,,61709.0
CRMD,2018-09-30,False,Q3,2018,10-Q,372514.0,-10241453.0,-10236119.0,-0.11,-0.11,0.0,8048675.0,7870214.0,17546249.0,6443868.0,-9497574.0,-16500414.0,1555305.0,11012647.0,,,48893.0
CRMD,2013-09-30,False,Q3,2013,10-Q,,-1265302.0,-2509899.0,-0.18,-0.18,0.0,1036756.0,1020375.0,3936870.0,483052.0,-2908604.0,-2695295.0,0.0,27333118.0,0.0,,61709.0
CRMD,2015-03-31,False,Q1,2015,10-Q,31264.0,-5496924.0,-5497669.0,-0.23,-0.23,0.0,9751752.0,9686399.0,2119898.0,8799328.0,7596207.0,-2348297.0,-12944.0,6827668.0,,,12944.0
CRMD,2012-12-31,True,FY,2012,10-K,,-2999711.0,-3380682.0,-0.3,-0.3,0.0,1153265.0,1135255.0,1476456.0,835471.0,-335376.0,-2276260.0,-61709.0,1126397.0,16061.0,,61709.0
CRMD,2013-06-30,True,Q2,2013,10-Q,,-1298910.0,-1960871.0,-0.15,-0.15,0.0,395085.0,378161.0,2579107.0,158405.0,-2193743.0,-1177066.0,0.0,25490242.0,166466.0,,61709.0
CRMD,2013-12-31,False,FY,2013,10-K,2001.0,-4915395.0,-9517405.0,-0.69,-0.69,0.0,2967800.0,2916031.0,1674081.0,2373893.0,-4022343.0,-3618532.0,-35683.0,5204082.0,,,97392.0
CRMD,2013-09-30,True,Q3,2013,10-Q,,-1255302.0,-2499899.0,-0.18,-0.18,0.0,1036756.0,1020375.0,3766870.0,483052.0,-2738604.0,-2695295.0,0.0,27333118.0,0.0,,61709.0
CRMD,2013-06-30,True,Q2,2013,10-Q,,-1288910.0,-1950871.0,-0.15,-0.15,0.0,395085.0,378161.0,2419107.0,158405.0,-2033743.0,-1177066.0,0.0,25490242.0,166466.0,,61709.0
CRMD,2014-12-31,False,FY,2014,10-K,189274.0,-8902120.0,-20536326.0,-0.96,-0.96,0.0,5097762.0,5037962.0,1425387.0,4339540.0,3634472.0,-6320819.0,-25402.0,8357916.0,,,25402.0
CRMD,2015-06-30,False,Q2,2015,10-Q,119973.0,-4134589.0,-4135100.0,-0.13,-0.13,0.0,38796026.0,38746374.0,1911775.0,24110836.0,36850860.0,-5947178.0,-13396378.0,39121489.0,,,13797.0
CRMD,2015-09-30,False,Q3,2015,10-Q,35947.0,-4712560.0,-4688476.0,-0.14,-0.14,0.0,39306582.0,39260507.0,2881594.0,14246979.0,36391597.0,-8891841.0,-23618063.0,42422467.0,,,13796.0
CRMD,2014-03-31,False,Q1,2014,10-Q,12203.0,-2934550.0,-16713291.0,-0.87,-0.87,0.0,9761335.0,9714419.0,1122470.0,9189398.0,-3729021.0,-1429289.0,0.0,8253416.0,,,97392.0
CRMD,2014-06-30,False,Q2,2014,10-Q,39729.0,-1889720.0,2715490.0,0.12,-0.05,0.0,8255514.0,8187992.0,1180516.0,7651844.0,-1600780.0,-2935421.0,-19613.0,8253416.0,,,19613.0
CRMD,2014-09-30,False,Q3,2014,10-Q,52441.0,-1863536.0,-5035117.0,-0.23,-0.23,0.0,6845035.0,6784818.0,1227249.0,5920020.0,5577626.0,-4746676.0,-25898.0,8349216.0,,,25898.0
CRMD,2013-03-31,True,Q1,2013,10-Q,,-816776.0,-1257051.0,-0.14,-0.14,0.0,967649.0,950182.0,2232913.0,692720.0,-1276217.0,-617751.0,0.0,475000.0,207467.0,,61709.0
CRMD,2011-06-30,False,Q2,2011,10-Q,,-2480372.0,-2477113.0,-0.22,-0.22,0.0,4949452.0,4918340.0,1699502.0,4738233.0,3234334.0,-3543826.0,-1625.0,23863845.0,,,61709.0
CRMD,2011-09-30,False,Q3,2011,10-Q,,-2601817.0,-2599618.0,-0.23,-0.23,0.0,3030947.0,3002958.0,2278059.0,2889923.0,737844.0,-5392136.0,-1625.0,23863845.0,,,61709.0
CRMD,2012-09-30,False,Q3,2012,10-Q,,-677391.0,-703172.0,-0.06,-0.06,0.0,1257441.0,1237676.0,1361507.0,992341.0,-116822.0,-1747993.0,-61708.0,24618845.0,42540.0,,61708.0
CRMD,2011-12-31,False,FY,2011,10-K,,-7246984.0,-6711273.0,-0.59,-0.59,0.0,2556005.0,2530974.0,1305005.0,1985334.0,1236528.0,-6296725.0,-1625.0,23863845.0,,,61709.0
CRMD,2012-03-31,False,Q1,2012,10-Q,,-911110.0,-910161.0,-0.08,-0.08,0.0,2035360.0,2012084.0,1598431.0,1855193.0,423029.0,-130141.0,-61708.0,23863845.0,,,61708.0
CRMD,2012-12-31,False,FY,2012,10-K,,-3044711.0,-3425682.0,-0.3,-0.3,0.0,1153265.0,1135255.0,1616456.0,835471.0,-475376.0,-2276260.0,0.0,1126397.0,16061.0,,61709.0
CRMD,2016-03-31,False,Q1,2016,10-Q,41427.0,-4261330.0,-4231173.0,-0.12,-0.12,0.0,33609583.0,33569806.0,3063749.0,13184776.0,30519212.0,-5450588.0,6547842.0,265976.0,,,0.0
CRMD,2013-03-31,False,Q1,2013,10-Q,,-816776.0,-1257051.0,-0.12,-0.12,0.0,967649.0,950182.0,2232913.0,692720.0,-1276217.0,-617751.0,0.0,475000.0,207467.0,,61709.0
CRMD,2011-12-31,False,FY,2011,10-K,,-7246984.0,-6711273.0,-0.59,-0.59,0.0,2556005.0,2530974.0,1305005.0,1985334.0,1236528.0,-6296725.0,-1625.0,23863845.0,,,61709.0
CRMD,2012-09-30,True,Q3,2012,10-Q,,-1002391.0,-1028172.0,-0.09,-0.09,0.0,1257441.0,1237676.0,1686507.0,992341.0,-441822.0,-1747993.0,0.0,24618845.0,42540.0,,61708.0
CRMD,2012-06-30,False,Q2,2012,10-Q,,-627807.0,-624215.0,-0.05,-0.05,0.0,1036333.0,999813.0,1166488.0,893936.0,-143483.0,-1076398.0,-61708.0,23848845.0,,,61708.0
CRMD,2013-06-30,False,Q2,2013,10-Q,,-1298910.0,-1960871.0,-0.15,-0.15,0.0,395085.0,378161.0,2579107.0,158405.0,-2193743.0,-1177066.0,0.0,25490242.0,166466.0,,61709.0
CRMD,2016-09-30,False,Q3,2016,10-Q,44451.0,-9157975.0,-9126200.0,-0.23,-0.23,0.0,28840431.0,28759588.0,5038972.0,9826947.0,23779366.0,-15767367.0,6703799.0,7070057.0,,,55107.0
CRMD,2017-06-30,False,Q2,2017,10-Q,136168.0,-7022601.0,-5146195.0,-0.1,-0.1,0.0,21155502.0,21093526.0,5789729.0,7937388.0,15365773.0,-14509911.0,1221216.0,13152486.0,,,3922.0
CRMD,2017-09-30,False,Q3,2017,10-Q,61075.0,-8011971.0,-9956336.0,-0.17,-0.17,0.0,13928704.0,13852668.0,4252412.0,5212579.0,9676292.0,-21310019.0,5290988.0,13152487.0,,,26632.0
CRMD,2017-03-31,False,Q1,2017,10-Q,39559.0,-7619005.0,-7596860.0,-0.19,-0.19,0.0,14933152.0,14865001.0,3889963.0,6818668.0,11043189.0,-6758726.0,5158075.0,354161.0,,,1998.0
CRMD,2016-06-30,False,Q2,2016,10-Q,16511.0,-4912220.0,-4886840.0,-0.13,-0.13,0.0,31212838.0,31175903.0,3117791.0,12020980.0,28070698.0,-9218167.0,6999597.0,2421027.0,,,1943.0
CRMD,2016-12-31,False,FY,2016,10-K,224105.0,-24760918.0,-24643627.0,-0.65,-0.65,0.0,21906386.0,21831691.0,4091860.0,8064490.0,17814526.0,-22265395.0,11419770.0,7092452.0,,,58723.0
CRMD,2015-12-31,False,FY,2015,10-K,210130.0,-16653971.0,-18220650.0,-0.58,-0.58,0.0,37101729.0,37058863.0,3061363.0,11817418.0,34011488.0,-12526898.0,-23608071.0,43629494.0,,,15446.0
CRMD,2017-12-31,False,FY,2017,10-K,329327.0,-32924110.0,-33009914.0,-0.6,-0.6,0.0,13453933.0,13267651.0,6260582.0,10379729.0,7193351.0,-28587180.0,10357838.0,20524997.0,,,151988.0
CRMD,2018-03-31,False,Q1,2018,10-Q,23210.0,-10188823.0,-10185118.0,-0.14,-0.14,0.0,9608969.0,9403666.0,8768277.0,8162034.0,840692.0,-7054302.0,1565972.0,3269163.0,,,38226.0
CRMD,2018-06-30,False,Q2,2018,10-Q,7551.0,-8572152.0,-8556913.0,-0.1,-0.1,0.0,5926549.0,5740747.0,12404566.0,4701978.0,-6478017.0,-11389784.0,1565973.0,4149713.0,,,38225.0
