symbol,end_date,amend,period_focus,fiscal_year,doc_type,revenues,op_income,net_income,eps_basic,eps_diluted,dividend,assets,cur_assets,cur_liab,cash,equity,cash_flow_op,cash_flow_inv,cash_flow_fin,debt,goodwill,cap_ex
CRMT,2019-01-31,False,Q3,2019,10-Q,161054000.0,,10885000.0,1.61,1.55,0.0,493555000.0,,,1624000.0,245677000.0,4845000.0,-3042000.0,-1201000.0,222000.0,355000.0,3042000.0
CRMT,2011-10-31,False,Q2,2012,10-Q,110807000.0,,7760000.0,0.79,0.77,0.0,301023000.0,,,330000.0,178441000.0,-1116000.0,-2029000.0,3252000.0,,355000.0,2029000.0
CRMT,2011-07-31,False,Q1,2012,10-Q,100524000.0,,8282000.0,0.81,0.78,0.0,288030000.0,,,219000.0,184972000.0,1243000.0,-734000.0,-513000.0,,355000.0,734000.0
CRMT,2012-01-31,False,Q3,2012,10-Q,105365000.0,,7304000.0,0.76,0.73,0.0,314513000.0,,,409000.0,183728000.0,-5980000.0,-3228000.0,9394000.0,,355000.0,3228000.0
CRMT,2012-10-31,False,Q2,2013,10-Q,110219000.0,,7278000.0,0.8,0.76,0.0,329858000.0,,,400000.0,187112000.0,443000.0,-1960000.0,1641000.0,,355000.0,1960000.0
CRMT,2012-04-30,False,FY,2012,10-K,430177000.0,,32987000.0,3.36,3.24,0.0,310940000.0,,,276000.0,184473000.0,11696000.0,-4435000.0,-7208000.0,,355000.0,4452000.0
CRMT,2013-07-31,False,Q1,2014,10-Q,122544000.0,,7541000.0,0.83,0.79,0.0,368910000.0,,,288000.0,210179000.0,1223000.0,-1786000.0,579000.0,,355000.0,1786000.0
CRMT,2012-07-31,False,Q1,2013,10-Q,110000000.0,,8118000.0,0.87,0.83,0.0,320604000.0,,,199000.0,184040000.0,1185000.0,-925000.0,-337000.0,,355000.0,925000.0
CRMT,2013-01-31,False,Q3,2013,10-Q,118922000.0,,7980000.0,0.88,0.84,0.0,360064000.0,,,865000.0,193002000.0,-14191000.0,-3239000.0,18019000.0,,355000.0,3438000.0
CRMT,2013-04-30,False,FY,2013,10-K,464676000.0,,32165000.0,3.53,3.36,0.0,358265000.0,,,272000.0,202268000.0,-1336000.0,-5518000.0,6850000.0,,355000.0,5726000.0
CRMT,2014-01-31,False,Q3,2014,10-Q,122588000.0,,1470000.0,0.16,0.16,0.0,382831000.0,,,256000.0,210453000.0,-1624000.0,-5539000.0,7147000.0,,355000.0,5541000.0
CRMT,2014-07-31,False,Q1,2015,10-Q,127376000.0,,7260000.0,0.83,0.79,0.0,379936000.0,,,309000.0,218185000.0,4057000.0,-987000.0,-3050000.0,94220000.0,355000.0,987000.0
CRMT,2015-01-31,False,Q3,2015,10-Q,131500000.0,,7461000.0,0.87,0.82,0.0,409696000.0,,,1564000.0,226222000.0,-754000.0,-2785000.0,4814000.0,112560000.0,355000.0,2805000.0
CRMT,2014-10-31,False,Q2,2015,10-Q,133834000.0,,7519000.0,0.87,0.83,0.0,391574000.0,,,257000.0,220067000.0,553000.0,-1843000.0,1258000.0,106497000.0,355000.0,1863000.0
CRMT,2015-07-31,False,Q1,2016,10-Q,142690000.0,,4616000.0,0.54,0.52,0.0,411712000.0,,,735000.0,232598000.0,42000.0,-1398000.0,1301000.0,105410000.0,355000.0,1398000.0
CRMT,2014-04-30,False,FY,2014,10-K,489187000.0,,21089000.0,2.36,2.25,0.0,363297000.0,,,289000.0,213006000.0,21875000.0,-7093000.0,-14765000.0,,355000.0,7095000.0
CRMT,2013-10-31,False,Q2,2014,10-Q,121431000.0,,5805000.0,0.64,0.61,0.0,376465000.0,,,341000.0,216151000.0,1170000.0,-3977000.0,2876000.0,,355000.0,3979000.0
CRMT,2016-07-31,False,Q1,2017,10-Q,145840000.0,,7099000.0,0.89,0.87,0.0,426701000.0,,,371000.0,229395000.0,-4295000.0,-523000.0,4587000.0,491000.0,355000.0,523000.0
CRMT,2016-01-31,False,Q3,2016,10-Q,137463000.0,,4102000.0,0.49,0.47,0.0,424283000.0,,,590000.0,228868000.0,-5259000.0,-4201000.0,9260000.0,122490000.0,355000.0,4201000.0
CRMT,2015-10-31,False,Q2,2016,10-Q,133004000.0,,-485000.0,-0.06,-0.06,0.0,403663000.0,,,1386000.0,230709000.0,5643000.0,-2922000.0,-2125000.0,104424000.0,355000.0,2922000.0
CRMT,2017-01-31,False,Q3,2017,10-Q,138784000.0,,2826000.0,0.36,0.35,0.0,434651000.0,,,254000.0,239318000.0,-8639000.0,-500000.0,8791000.0,439000.0,355000.0,1424000.0
CRMT,2016-10-31,False,Q2,2017,10-Q,150210000.0,,5008000.0,0.64,0.62,0.0,435239000.0,,,170000.0,234866000.0,-9942000.0,-871000.0,10381000.0,465000.0,355000.0,875000.0
CRMT,2017-10-31,False,Q2,2018,10-Q,149118000.0,,5959000.0,0.82,0.79,0.0,444007000.0,,,358000.0,226910000.0,-1154000.0,-935000.0,2013000.0,359000.0,355000.0,958000.0
CRMT,2018-01-31,False,Q3,2018,10-Q,147214000.0,,13369000.0,1.88,1.82,0.0,456337000.0,,,534000.0,234856000.0,-5131000.0,-1298000.0,6529000.0,332000.0,355000.0,1586000.0
CRMT,2017-07-31,False,Q1,2018,10-Q,146418000.0,,6982000.0,0.92,0.9,0.0,437763000.0,,,501000.0,237442000.0,2790000.0,-613000.0,-2110000.0,386000.0,355000.0,613000.0
CRMT,2018-04-30,False,FY,2018,10-K,612201000.0,,36469000.0,5.04,4.9,0.0,455584000.0,,,1022000.0,230535000.0,9994000.0,-1704000.0,-7702000.0,305000.0,355000.0,2258000.0
CRMT,2017-04-30,False,FY,2017,10-K,587751000.0,,20165000.0,2.57,2.49,0.0,424258000.0,,,434000.0,233008000.0,7334000.0,-655000.0,-6847000.0,413000.0,355000.0,1587000.0
CRMT,2015-04-30,False,FY,2015,10-K,530321000.0,,29450000.0,3.42,3.25,0.0,400361000.0,,,790000.0,229132000.0,12387000.0,-3897000.0,-7989000.0,102685000.0,355000.0,4009000.0
CRMT,2018-07-31,False,Q1,2019,10-Q,164015000.0,,10874000.0,1.57,1.53,0.0,472502000.0,,,841000.0,237867000.0,414000.0,-685000.0,90000.0,278000.0,355000.0,685000.0
CRMT,2018-10-31,False,Q2,2019,10-Q,167171000.0,,11271000.0,1.64,1.58,0.0,487396000.0,,,679000.0,244310000.0,-2545000.0,-1537000.0,3739000.0,251000.0,355000.0,1537000.0
CRMT,2016-04-30,False,FY,2016,10-K,567906000.0,,11556000.0,1.38,1.33,0.0,406296000.0,,,602000.0,228817000.0,14286000.0,-4519000.0,-9955000.0,516000.0,355000.0,4526000.0
