symbol,end_date,amend,period_focus,fiscal_year,doc_type,revenues,op_income,net_income,eps_basic,eps_diluted,dividend,assets,cur_assets,cur_liab,cash,equity,cash_flow_op,cash_flow_inv,cash_flow_fin,debt,goodwill,cap_ex
CSGP,2012-03-31,False,Q1,2012,10-Q,68629000.0,8602000.0,5132000.0,0.2,0.2,0.0,773751000.0,584908000.0,57743000.0,549096000.0,666705000.0,6381000.0,-1767000.0,-814000.0,,92624000.0,3012000.0
CSGP,2011-06-30,False,Q2,2011,10-Q,62127000.0,3909000.0,2637000.0,0.12,0.12,0.0,757856000.0,578622000.0,60216000.0,547617000.0,645864000.0,15284000.0,73899000.0,251934000.0,,80466000.0,9887000.0
CSGP,2011-09-30,False,Q3,2011,10-Q,63829000.0,3004000.0,2311000.0,0.09,0.09,0.0,764753000.0,589381000.0,64606000.0,550740000.0,649690000.0,19707000.0,72196000.0,252367000.0,,79849000.0,12172000.0
CSGP,2011-12-31,False,FY,2011,10-K,251738000.0,21771000.0,14656000.0,0.63,0.62,0.0,771035000.0,583183000.0,61782000.0,545280000.0,659177000.0,25685000.0,58366000.0,254780000.0,,91784000.0,15013000.0
CSGP,2012-06-30,False,Q2,2012,10-Q,85223000.0,-13000.0,-6710000.0,-0.25,-0.25,0.0,1141287000.0,159609000.0,85261000.0,103338000.0,802592000.0,30578000.0,-636578000.0,164059000.0,172813000.0,717212000.0,6117000.0
CSGP,2012-09-30,False,Q3,2012,10-Q,96001000.0,8946000.0,6779000.0,0.25,0.24,0.0,1154659000.0,184333000.0,93028000.0,129462000.0,815851000.0,56558000.0,-635311000.0,162872000.0,170625000.0,718080000.0,9002000.0
CSGP,2018-12-31,False,FY,2018,10-K,1205584000.0,273564000.0,238334000.0,6.61,6.54,0.0,3312957000.0,1213298000.0,154159000.0,1100416000.0,3021942000.0,335458000.0,-448001000.0,2744000.0,200000.0,1611535000.0,29632000.0
CSGP,2013-09-30,False,Q3,2013,10-Q,112301000.0,19770000.0,11052000.0,0.4,0.39,0.0,1230374000.0,277570000.0,107403000.0,222938000.0,899319000.0,72828000.0,-15244000.0,9219000.0,,718039000.0,15331000.0
CSGP,2013-06-30,False,Q2,2013,10-Q,108999000.0,15283000.0,8293000.0,0.3,0.29,0.0,1197018000.0,244698000.0,102735000.0,190101000.0,866596000.0,41567000.0,-8834000.0,1361000.0,,716580000.0,8912000.0
CSGP,2013-03-31,False,Q1,2013,10-Q,104033000.0,-2598000.0,-2410000.0,-0.09,-0.09,0.0,1183858000.0,225465000.0,97719000.0,167394000.0,850651000.0,10708000.0,-4560000.0,5249000.0,,716569000.0,4643000.0
CSGP,2012-12-31,False,FY,2012,10-K,349936000.0,27440000.0,9915000.0,0.37,0.37,0.0,1165139000.0,199563000.0,101638000.0,156027000.0,826343000.0,86126000.0,-640398000.0,164941000.0,170625000.0,718078000.0,14834000.0
CSGP,2013-12-31,False,FY,2013,10-K,440943000.0,54154000.0,29734000.0,1.07,1.05,0.0,1256982000.0,308466000.0,111553000.0,255953000.0,927862000.0,108298000.0,-18966000.0,10405000.0,153125000.0,718587000.0,19042000.0
CSGP,2014-06-30,False,Q2,2014,10-Q,147708000.0,16909000.0,8249000.0,0.28,0.28,0.0,2046394000.0,531014000.0,117286000.0,444857000.0,1471241000.0,43334000.0,-595105000.0,740533000.0,,1141187000.0,11437000.0
CSGP,2014-03-31,False,Q1,2014,10-Q,119076000.0,17141000.0,9740000.0,0.34,0.34,0.0,1244796000.0,303751000.0,107276000.0,223443000.0,929793000.0,-6555000.0,-4149000.0,-21844000.0,,718824000.0,4149000.0
CSGP,2014-09-30,False,Q3,2014,10-Q,153056000.0,23480000.0,12957000.0,0.41,0.4,0.0,2064341000.0,562752000.0,120201000.0,486195000.0,1492373000.0,96036000.0,-603933000.0,738248000.0,0.0,1139917000.0,20865000.0
CSGP,2015-03-31,False,Q1,2015,10-Q,159020000.0,-3507000.0,-6127000.0,-0.19,-0.19,0.0,2099701000.0,627704000.0,135858000.0,541771000.0,1514958000.0,30169000.0,-11094000.0,-4053000.0,0.0,1137707000.0,11744000.0
CSGP,2014-12-31,False,FY,2014,10-K,575936000.0,80878000.0,44869000.0,1.48,1.46,0.0,2083682000.0,599811000.0,119290000.0,527012000.0,1513546000.0,143909000.0,-605987000.0,733513000.0,385000000.0,1138805000.0,27444000.0
CSGP,2016-03-31,False,Q1,2016,10-Q,199739000.0,30301000.0,16721000.0,0.52,0.52,0.0,2106013000.0,519937000.0,143342000.0,461720000.0,1565476000.0,47926000.0,416000.0,-8225000.0,350923000.0,1252484000.0,3794000.0
CSGP,2015-06-30,False,Q2,2015,10-Q,170657000.0,-20129000.0,-14966000.0,-0.47,-0.47,0.0,2073947000.0,450348000.0,141318000.0,351781000.0,1506153000.0,26956000.0,-189247000.0,-13117000.0,0.0,1246789000.0,17930000.0
CSGP,2015-09-30,False,Q3,2015,10-Q,189078000.0,-431000.0,-5362000.0,-0.17,-0.17,0.0,2090736000.0,476474000.0,162918000.0,375509000.0,1509958000.0,69716000.0,-203529000.0,-17496000.0,0.0,1249945000.0,27953000.0
CSGP,2016-06-30,False,Q2,2016,10-Q,206869000.0,28119000.0,15576000.0,0.48,0.48,0.0,2107234000.0,524219000.0,132830000.0,464151000.0,1585941000.0,82364000.0,-13489000.0,-25800000.0,336722000.0,1256940000.0,7394000.0
CSGP,2015-12-31,False,FY,2015,10-K,711764000.0,11455000.0,-3465000.0,-0.11,-0.11,0.0,2079571000.0,472733000.0,135281000.0,421818000.0,1543780000.0,131245000.0,-215502000.0,-20504000.0,355112000.0,1252945000.0,35061000.0
CSGP,2016-09-30,False,Q3,2016,10-Q,212711000.0,39596000.0,23201000.0,0.72,0.72,0.0,2152587000.0,583443000.0,153459000.0,522099000.0,1618698000.0,143732000.0,-17435000.0,-25054000.0,337519000.0,1256353000.0,11692000.0
CSGP,2017-09-30,False,Q3,2017,10-Q,247533000.0,57513000.0,34177000.0,1.05,1.04,0.0,2280596000.0,700081000.0,176587000.0,622995000.0,1762427000.0,163307000.0,-67521000.0,-40894000.0,305496000.0,1283190000.0,19754000.0
CSGP,2017-12-31,False,FY,2017,10-K,965230000.0,173816000.0,122695000.0,3.7,3.66,0.0,2873441000.0,1287935000.0,146666000.0,1211463000.0,2651250000.0,234703000.0,-72267000.0,480430000.0,200000.0,1283457000.0,24499000.0
CSGP,2017-06-30,False,Q2,2017,10-Q,237153000.0,27883000.0,22184000.0,0.68,0.68,0.0,2220019000.0,635987000.0,150901000.0,564638000.0,1716735000.0,95363000.0,-57742000.0,-40773000.0,304826000.0,1280271000.0,12674000.0
CSGP,2017-03-31,False,Q1,2017,10-Q,226553000.0,37662000.0,22130000.0,0.69,0.68,0.0,2195155000.0,634163000.0,144091000.0,572472000.0,1683762000.0,64557000.0,-19819000.0,-39547000.0,304111000.0,1263484000.0,6146000.0
CSGP,2018-09-30,False,Q3,2018,10-Q,1000000.0,70688000.0,58759000.0,1.63,1.61,0.0,3207222000.0,1179268000.0,153470000.0,1071786000.0,2928314000.0,220684000.0,-361875000.0,2102000.0,200000.0,1548976000.0,21801000.0
CSGP,2016-12-31,False,FY,2016,10-K,837630000.0,144905000.0,85071000.0,2.64,2.62,0.0,2185063000.0,627491000.0,154946000.0,567223000.0,1654213000.0,195944000.0,-23259000.0,-25865000.0,338339000.0,1254866000.0,18766000.0
CSGP,2018-06-30,False,Q2,2018,10-Q,181000.0,43774000.0,43835000.0,1.22,1.2,0.0,3122574000.0,1075985000.0,145920000.0,966278000.0,2850618000.0,119317000.0,-355925000.0,-8180000.0,200000.0,1549517000.0,15851000.0
CSGP,2018-03-31,False,Q1,2018,10-Q,273718000.0,53445000.0,52231000.0,1.46,1.44,0.0,3095100000.0,1032004000.0,165643000.0,931429000.0,2800964000.0,72985000.0,-348691000.0,-4776000.0,200000.0,1551248000.0,8617000.0
