symbol,end_date,amend,period_focus,fiscal_year,doc_type,revenues,op_income,net_income,eps_basic,eps_diluted,dividend,assets,cur_assets,cur_liab,cash,equity,cash_flow_op,cash_flow_inv,cash_flow_fin,debt,goodwill,cap_ex
CSL,2011-09-30,False,Q3,2011,10-Q,870500000.0,81800000.0,53700000.0,0.86,0.85,11.2,2803200000.0,1212800000.0,585400000.0,81800000.0,1470900000.0,118900000.0,-150900000.0,24000000.0,,710500000.0,48500000.0
CSL,2010-09-30,False,Q3,2010,10-Q,665900000.0,66500000.0,50500000.0,0.82,0.81,0.17,2071300000.0,983900000.0,359500000.0,114800000.0,1318700000.0,62400000.0,-20700000.0,-23500000.0,,450600000.0,46800000.0
CSL,2010-06-30,False,Q2,2010,10-Q,709400000.0,64200000.0,38600000.0,0.63,0.62,0.16,2029700000.0,941200000.0,367100000.0,96600000.0,1269800000.0,20500000.0,-6300000.0,-13300000.0,,449800000.0,31600000.0
CSL,2011-03-31,False,Q1,2011,10-Q,693600000.0,55200000.0,33400000.0,0.54,0.53,0.17,2581100000.0,1077700000.0,477400000.0,104200000.0,1369900000.0,-300000.0,-16400000.0,29600000.0,,665600000.0,16900000.0
CSL,2012-03-31,False,Q1,2012,10-Q,889300000.0,96200000.0,60000000.0,0.96,0.94,11.2,3241600000.0,1285400000.0,645500000.0,68900000.0,1562100000.0,48300000.0,-49500000.0,-5900000.0,766400000.0,867500000.0,22000000.0
CSL,2012-09-30,False,Q3,2012,10-Q,910200000.0,110600000.0,69500000.0,1.1,1.08,0.2,3243300000.0,1276500000.0,670700000.0,87100000.0,1733200000.0,323200000.0,-117200000.0,-194500000.0,574600000.0,859100000.0,93700000.0
CSL,2010-12-31,False,FY,2010,10-K,2527700000.0,196100000.0,145600000.0,2.36,2.34,0.66,2529500000.0,1016900000.0,456400000.0,89400000.0,1340700000.0,107400000.0,-339300000.0,223800000.0,,667100000.0,64600000.0
CSL,2012-12-31,False,FY,2012,10-K,3629400000.0,424300000.0,270200000.0,4.3,4.22,0.76,3457300000.0,1205300000.0,470600000.0,112500000.0,1788100000.0,485900000.0,-428500000.0,-20600000.0,752500000.0,958800000.0,140400000.0
CSL,2011-12-31,False,FY,2011,10-K,3224500000.0,275100000.0,180300000.0,2.91,2.86,0.7,3137900000.0,1214100000.0,613500000.0,74700000.0,1500100000.0,191200000.0,-463500000.0,256400000.0,762400000.0,845200000.0,79600000.0
CSL,2013-03-31,False,Q1,2013,10-Q,857000000.0,70100000.0,55200000.0,0.87,0.85,0.2,3458300000.0,1215100000.0,433400000.0,116000000.0,1834900000.0,38000000.0,-26500000.0,-7500000.0,753300000.0,957400000.0,26800000.0
CSL,2013-06-30,False,Q2,2013,10-Q,996100000.0,22500000.0,8200000.0,0.13,0.13,0.2,3462400000.0,1328300000.0,465200000.0,168200000.0,1841200000.0,119500000.0,-49100000.0,-13900000.0,752600000.0,858000000.0,49400000.0
CSL,2011-06-30,False,Q2,2011,10-Q,870800000.0,85400000.0,54600000.0,0.88,0.86,10.6,2702900000.0,1207900000.0,538900000.0,99100000.0,1433300000.0,13700000.0,-29800000.0,23000000.0,,664000000.0,33800000.0
CSL,2012-06-30,False,Q2,2012,10-Q,984600000.0,140300000.0,92800000.0,1.48,1.45,0.18,3296600000.0,1334800000.0,708900000.0,76800000.0,1654800000.0,154300000.0,-84100000.0,-68300000.0,699500000.0,858200000.0,60600000.0
CSL,2014-09-30,False,Q3,2014,10-Q,904100000.0,134000000.0,87300000.0,1.35,1.32,0.25,3718400000.0,1761100000.0,437300000.0,805100000.0,2150600000.0,164700000.0,-80700000.0,-32300000.0,751300000.0,854800000.0,93100000.0
CSL,2014-06-30,False,Q2,2014,10-Q,859500000.0,122300000.0,75200000.0,1.16,1.14,0.22,3656900000.0,1689000000.0,431100000.0,757000000.0,2093000000.0,70400000.0,-50500000.0,-17200000.0,751200000.0,858700000.0,63900000.0
CSL,2013-09-30,False,Q3,2013,10-Q,968800000.0,123400000.0,76600000.0,1.2,1.18,0.22,3596900000.0,1462100000.0,515600000.0,332400000.0,1923600000.0,315500000.0,-71000000.0,-24400000.0,752600000.0,859600000.0,77700000.0
CSL,2015-03-31,False,Q1,2015,10-Q,709300000.0,66400000.0,39400000.0,0.6,0.59,0.25,3751000000.0,1630700000.0,377800000.0,744400000.0,2212900000.0,49500000.0,-19000000.0,-16400000.0,749900000.0,959500000.0,19100000.0
CSL,2014-03-31,False,Q1,2014,10-Q,650400000.0,63000000.0,35800000.0,0.56,0.55,0.22,3545900000.0,1586900000.0,383000000.0,779700000.0,2031400000.0,51300000.0,-23100000.0,-3000000.0,751100000.0,858700000.0,24100000.0
CSL,2014-12-31,False,FY,2014,10-K,3204000000.0,408300000.0,251300000.0,3.89,3.82,0.94,3758700000.0,1611500000.0,392200000.0,730800000.0,2205000000.0,295900000.0,-297800000.0,-20200000.0,749800000.0,964500000.0,118800000.0
CSL,2013-12-31,False,FY,2013,10-K,2943000000.0,366800000.0,209700000.0,3.29,3.22,0.84,3493000000.0,1535000000.0,376400000.0,754500000.0,1986100000.0,414700000.0,270100000.0,-41500000.0,751000000.0,858700000.0,110800000.0
CSL,2015-12-31,False,FY,2015,10-K,3543200000.0,501900000.0,319700000.0,4.89,4.82,1.1,3954100000.0,1319500000.0,605900000.0,410700000.0,2347400000.0,529200000.0,-670800000.0,-173000000.0,748600000.0,1134400000.0,72100000.0
CSL,2015-09-30,False,Q3,2015,10-Q,973100000.0,161800000.0,103600000.0,1.59,1.56,0.3,4075600000.0,1426400000.0,661600000.0,354400000.0,2364100000.0,352900000.0,-647500000.0,-78300000.0,748600000.0,1137200000.0,48700000.0
CSL,2015-06-30,False,Q2,2015,10-Q,984600000.0,148000000.0,94900000.0,1.45,1.43,0.25,4013400000.0,1339400000.0,510200000.0,229200000.0,2305700000.0,148800000.0,-611500000.0,-37500000.0,748500000.0,1139700000.0,33800000.0
CSL,2016-09-30,False,Q3,2016,10-Q,991000000.0,36400000.0,-9800000.0,-0.15,-0.15,0.35,3963300000.0,1399700000.0,523600000.0,355400000.0,2446900000.0,355100000.0,-179600000.0,-231700000.0,596200000.0,1046500000.0,77300000.0
CSL,2016-12-31,False,FY,2016,10-K,3675400000.0,441100000.0,250100000.0,3.86,3.82,1.3,3965800000.0,1355200000.0,513500000.0,385300000.0,2466900000.0,531200000.0,-293400000.0,-261100000.0,596400000.0,1081200000.0,108800000.0
CSL,2016-06-30,False,Q2,2016,10-Q,996900000.0,178900000.0,115200000.0,1.78,1.75,0.3,4171700000.0,1461800000.0,673300000.0,397900000.0,2490100000.0,179900000.0,-148900000.0,-44800000.0,746000000.0,1156000000.0,45900000.0
CSL,2016-03-31,False,Q1,2016,10-Q,794000000.0,110600000.0,68500000.0,1.06,1.05,0.3,4025800000.0,1382700000.0,628800000.0,450500000.0,2387500000.0,109000000.0,-26800000.0,-43500000.0,745700000.0,1138800000.0,18700000.0
CSL,2017-03-31,False,Q1,2017,10-Q,857300000.0,96700000.0,61800000.0,0.95,0.94,0.35,4070700000.0,1191200000.0,508300000.0,134000000.0,2518200000.0,31900000.0,-256200000.0,-28100000.0,0.0,1176900000.0,30400000.0
