symbol,end_date,amend,period_focus,fiscal_year,doc_type,revenues,op_income,net_income,eps_basic,eps_diluted,dividend,assets,cur_assets,cur_liab,cash,equity,cash_flow_op,cash_flow_inv,cash_flow_fin,debt,goodwill,cap_ex
CTAS,2011-02-28,False,Q3,2011,10-Q,937827000.0,108876000.0,59070000.0,0.41,0.41,0.0,3972070000.0,1322938000.0,391636000.0,184731000.0,2472942000.0,207955000.0,-188955000.0,-252070000.0,,1491116000.0,142298000.0
CTAS,2018-11-30,False,Q2,2019,10-Q,1718268000.0,275640000.0,243013000.0,2.25,2.18,2.05,7405083000.0,2215870000.0,1114686000.0,88479000.0,3027244000.0,344567000.0,-86640000.0,-307379000.0,2536408000.0,2845244000.0,137614000.0
CTAS,2011-08-31,False,Q1,2012,10-Q,1017180000.0,128574000.0,68638000.0,0.52,0.52,0.0,4127892000.0,1482615000.0,618646000.0,150312000.0,2114485000.0,56562000.0,-82336000.0,-262157000.0,,1488152000.0,44421000.0
CTAS,2010-08-31,False,Q1,2011,10-Q,923904000.0,100246000.0,61277000.0,0.4,0.4,0.0,3890904000.0,1372153000.0,359479000.0,290646000.0,2469978000.0,35298000.0,-27549000.0,-127761000.0,,1400797000.0,48200000.0
CTAS,2011-05-31,False,FY,2011,10-K,3810384000.0,440343000.0,246989000.0,1.68,1.68,0.49,4351940000.0,1700777000.0,434139000.0,438106000.0,2302649000.0,340886000.0,-298593000.0,-20038000.0,,1487882000.0,182592000.0
CTAS,2011-11-30,False,Q2,2012,10-Q,1019126000.0,132685000.0,74350000.0,0.57,0.57,0.54,4215312000.0,1591868000.0,720201000.0,207772000.0,2102619000.0,175958000.0,-141976000.0,-262053000.0,,1483635000.0,79832000.0
CTAS,2012-08-31,False,Q1,2013,10-Q,1051325000.0,139294000.0,76733000.0,0.61,0.6,0.0,4152235000.0,1523877000.0,384111000.0,319217000.0,2154415000.0,94865000.0,-61241000.0,-55479000.0,,1489104000.0,47438000.0
CTAS,2012-02-29,False,Q3,2012,10-Q,1012112000.0,137536000.0,76035000.0,0.58,0.58,0.0,4253167000.0,1625536000.0,648561000.0,217983000.0,2196627000.0,307714000.0,-193194000.0,-332972000.0,,1486465000.0,117716000.0
CTAS,2010-11-30,False,Q2,2011,10-Q,936566000.0,102344000.0,55866000.0,0.38,0.38,0.49,3928295000.0,1354846000.0,468795000.0,260953000.0,2395113000.0,109229000.0,-60980000.0,-200521000.0,,1435352000.0,88134000.0
CTAS,2013-02-28,False,Q3,2013,10-Q,1075674000.0,133023000.0,74705000.0,0.6,0.6,0.0,4221299000.0,1509452000.0,500752000.0,217470000.0,2130246000.0,368343000.0,-254833000.0,-236521000.0,,1519987000.0,151799000.0
CTAS,2012-11-30,False,Q2,2013,10-Q,1060386000.0,139023000.0,78027000.0,0.63,0.63,0.64,4217882000.0,1519662000.0,555179000.0,242487000.0,2080644000.0,227263000.0,-191579000.0,-134606000.0,,1522411000.0,99062000.0
CTAS,2013-08-31,False,Q1,2014,10-Q,1120343000.0,140070000.0,77754000.0,0.63,0.63,0.0,4311177000.0,1572289000.0,515695000.0,278670000.0,2196011000.0,82559000.0,-67004000.0,-88933000.0,1309000000.0,1531006000.0,37462000.0
CTAS,2013-05-31,False,FY,2013,10-K,4316471000.0,565211000.0,315442000.0,2.53,2.52,0.64,4345632000.0,1624826000.0,556256000.0,352273000.0,2201492000.0,552748000.0,-284181000.0,-256058000.0,1309166000.0,1517560000.0,196486000.0
CTAS,2012-05-31,False,FY,2012,10-K,4102000000.0,539627000.0,297637000.0,2.27,2.27,0.54,4160906000.0,1541568000.0,670891000.0,339825000.0,2139135000.0,469862000.0,-104294000.0,-460575000.0,1284802000.0,1485375000.0,160802000.0
CTAS,2013-11-30,False,Q2,2014,10-Q,1143753000.0,152972000.0,84862000.0,0.71,0.7,0.77,4365398000.0,1618782000.0,614561000.0,309334000.0,2147972000.0,222280000.0,-120527000.0,-144403000.0,1301300000.0,1532961000.0,76785000.0
CTAS,2015-08-31,False,Q1,2016,10-Q,1198890000.0,185507000.0,100181000.0,0.89,0.88,0.0,4122949000.0,1733952000.0,959326000.0,146860000.0,1848669000.0,143083000.0,-201862000.0,-209719000.0,1300000000.0,1272503000.0,62631000.0
CTAS,2014-11-30,False,Q2,2015,10-Q,1123379000.0,181175000.0,120412000.0,1.02,1.0,1.7,4697571000.0,2145980000.0,851764000.0,826724000.0,2203334000.0,292573000.0,66183000.0,-39707000.0,1300000000.0,1189360000.0,113025000.0
CTAS,2014-08-31,False,Q1,2015,10-Q,1102077000.0,163488000.0,110108000.0,0.94,0.93,0.0,4556270000.0,2012949000.0,636011000.0,581453000.0,2271974000.0,148201000.0,-38819000.0,-41198000.0,1300000000.0,1189968000.0,68050000.0
CTAS,2015-02-28,False,Q3,2015,10-Q,1108847000.0,173617000.0,94883000.0,0.81,0.8,0.0,4266346000.0,1710125000.0,579231000.0,358320000.0,2047666000.0,377646000.0,-43076000.0,-481950000.0,1300000000.0,1194389000.0,163040000.0
CTAS,2016-02-29,False,Q3,2016,10-Q,1216083000.0,192952000.0,117341000.0,1.07,1.05,0.0,4231210000.0,1758824000.0,858804000.0,315116000.0,1950106000.0,297154000.0,201778000.0,-594315000.0,1300000000.0,1284434000.0,207502000.0
CTAS,2014-02-28,False,Q3,2014,10-Q,1130237000.0,150162000.0,84602000.0,0.7,0.69,0.0,4400441000.0,1664909000.0,552802000.0,348859000.0,2244033000.0,385773000.0,-161148000.0,-226161000.0,1301200000.0,1532568000.0,113615000.0
CTAS,2014-05-31,False,FY,2014,10-K,4551812000.0,567010000.0,374442000.0,3.08,3.05,0.77,4462452000.0,1805681000.0,630131000.0,513288000.0,2192858000.0,607969000.0,-16543000.0,-429735000.0,1300980000.0,1267411000.0,145580000.0
CTAS,2015-05-31,False,FY,2015,10-K,4476886000.0,696407000.0,430618000.0,3.68,3.63,1.7,4192460000.0,1735807000.0,621058000.0,417073000.0,1932455000.0,580276000.0,44987000.0,-712560000.0,1300000000.0,1195612000.0,217720000.0
CTAS,2016-08-31,False,Q1,2017,10-Q,1294130000.0,206961000.0,138091000.0,1.29,1.26,0.0,4167145000.0,1594748000.0,710859000.0,99209000.0,1987402000.0,157588000.0,-100606000.0,-97028000.0,1050000000.0,1298375000.0,78580000.0
CTAS,2016-05-31,False,FY,2016,10-K,4905458000.0,781748000.0,693520000.0,6.3,6.21,1.05,4104393000.0,1590035000.0,815555000.0,139357000.0,1842659000.0,465845000.0,128381000.0,-866724000.0,0.0,1291593000.0,275385000.0
CTAS,2015-11-30,False,Q2,2016,10-Q,1219080000.0,200349000.0,345100000.0,3.11,3.06,1.05,4450792000.0,2043280000.0,1130981000.0,606785000.0,1924528000.0,265037000.0,313268000.0,-384219000.0,1300000000.0,1273594000.0,121817000.0
CTAS,2017-02-28,False,Q3,2017,10-Q,1281135000.0,194695000.0,118005000.0,1.1,1.07,0.0,4271164000.0,1629941000.0,943968000.0,147244000.0,2178258000.0,483758000.0,-165475000.0,-307634000.0,2098300000.0,1303038000.0,218621000.0
CTAS,2016-11-30,False,Q2,2017,10-Q,1296923000.0,202858000.0,140377000.0,1.32,1.29,1.33,4214579000.0,1600662000.0,748757000.0,143573000.0,2025705000.0,301721000.0,-92045000.0,-203072000.0,1050000000.0,1301391000.0,155173000.0
CTAS,2017-08-31,False,Q1,2018,10-Q,1611503000.0,249099000.0,217211000.0,2.02,1.96,0.0,6851606000.0,1924553000.0,1044795000.0,191414000.0,2565881000.0,254366000.0,72622000.0,-311433000.0,2533672000.0,2810504000.0,62517000.0
CTAS,2017-11-30,False,Q2,2018,10-Q,1606441000.0,235211000.0,137109000.0,1.26,1.23,1.62,6978801000.0,2043449000.0,1154371000.0,236002000.0,2553033000.0,379009000.0,-6218000.0,-309521000.0,2534222000.0,2811796000.0,132466000.0
CTAS,2018-08-31,False,Q1,2019,10-Q,1697975000.0,265228000.0,212515000.0,1.96,1.89,0.0,7287204000.0,2104378000.0,679094000.0,118356000.0,3345968000.0,162985000.0,-70785000.0,-112508000.0,2535859000.0,2850082000.0,64528000.0
CTAS,2018-05-31,False,FY,2018,10-K,6476632000.0,949834000.0,842586000.0,7.78,7.56,1.62,6958214000.0,1977932000.0,775857000.0,138724000.0,3016526000.0,964160000.0,-135698000.0,-864140000.0,2535309000.0,2846888000.0,271699000.0
CTAS,2018-02-28,False,Q3,2018,10-Q,1589138000.0,200024000.0,302095000.0,2.79,2.71,1.62,6928593000.0,1979576000.0,917573000.0,152563000.0,2893997000.0,660864000.0,-89983000.0,-592290000.0,2534760000.0,2819867000.0,196040000.0
CTAS,2017-05-31,False,FY,2017,10-K,5323381000.0,773691000.0,480708000.0,4.49,4.38,1.33,6844057000.0,1954478000.0,1130852000.0,169266000.0,2302793000.0,763887000.0,-2310349000.0,1578502000.0,2770624000.0,2782335000.0,273317000.0
