symbol,end_date,amend,period_focus,fiscal_year,doc_type,revenues,op_income,net_income,eps_basic,eps_diluted,dividend,assets,cur_assets,cur_liab,cash,equity,cash_flow_op,cash_flow_inv,cash_flow_fin,debt,goodwill,cap_ex
CTB,2011-12-31,False,FY,2011,10-K,3927158000.0,163301000.0,253503000.0,4.08,4.02,0.42,2501005000.0,1263980000.0,651017000.0,233710000.0,697890000.0,125517000.0,-169336000.0,-138061000.0,350695000.0,18851000.0,155406000.0
CTB,2012-03-31,False,Q1,2012,10-Q,984258000.0,47710000.0,21568000.0,0.35,0.34,0.105,2640854000.0,1373116000.0,755090000.0,257644000.0,730194000.0,82223000.0,-55596000.0,-2568000.0,,18851000.0,37062000.0
CTB,2011-03-31,False,Q1,2011,10-Q,905962000.0,32183000.0,15674000.0,0.25,0.25,0.105,2285616000.0,1237150000.0,736922000.0,188485000.0,471336000.0,-41459000.0,-49833000.0,-133421000.0,,21210000.0,35903000.0
CTB,2011-06-30,False,Q2,2011,10-Q,922207000.0,24253000.0,11523000.0,0.19,0.18,0.105,2408822000.0,1338562000.0,835716000.0,137688000.0,493928000.0,-55210000.0,-97030000.0,-124245000.0,,20687000.0,83100000.0
CTB,2012-09-30,False,Q3,2012,10-Q,1095626000.0,129603000.0,74113000.0,1.18,1.17,0.105,2755062000.0,1474369000.0,718285000.0,271512000.0,877601000.0,292074000.0,-141257000.0,-113269000.0,,18851000.0,123477000.0
CTB,2013-06-30,False,Q2,2013,10-Q,884126000.0,69166000.0,35486000.0,0.56,0.55,0.105,2891098000.0,1524662000.0,654881000.0,244153000.0,1015428000.0,-13971000.0,-92620000.0,2436000.0,,18851000.0,93077000.0
CTB,2012-06-30,False,Q2,2012,10-Q,1058482000.0,95414000.0,51746000.0,0.83,0.82,0.105,2706331000.0,1441449000.0,770953000.0,240501000.0,786014000.0,139587000.0,-95784000.0,-35166000.0,,18851000.0,77869000.0
CTB,2011-09-30,False,Q3,2011,10-Q,1053503000.0,47212000.0,17281000.0,0.28,0.27,0.105,2361573000.0,1291681000.0,762479000.0,90565000.0,516871000.0,-72708000.0,-135216000.0,-116712000.0,,18674000.0,121286000.0
CTB,2013-03-31,False,Q1,2013,10-Q,861681000.0,96664000.0,56080000.0,0.89,0.87,0.105,2884268000.0,1525352000.0,683309000.0,272172000.0,967598000.0,-34031000.0,-49347000.0,9307000.0,,18851000.0,49347000.0
CTB,2012-12-31,False,FY,2012,10-K,4200836000.0,396962000.0,220371000.0,3.52,3.49,0.42,2801160000.0,1449695000.0,655141000.0,351817000.0,908416000.0,454220000.0,-205072000.0,-132605000.0,338461000.0,18851000.0,187336000.0
CTB,2013-09-30,False,Q3,2013,10-Q,897495000.0,27908000.0,-168000.0,0.0,0.0,0.105,2852968000.0,1494049000.0,635570000.0,309805000.0,1027472000.0,123112000.0,-134880000.0,-28865000.0,,18851000.0,135412000.0
CTB,2015-03-31,False,Q1,2015,10-Q,620796000.0,70353000.0,40761000.0,0.7,0.69,0.105,2466543000.0,1399151000.0,460521000.0,449145000.0,927120000.0,-8002000.0,-46345000.0,-43627000.0,,18851000.0,47698000.0
CTB,2013-12-31,False,FY,2013,10-K,3728115000.0,240714000.0,111013000.0,1.75,1.73,0.42,2738147000.0,1454790000.0,564583000.0,397731000.0,1157625000.0,272375000.0,-179725000.0,-46506000.0,299120000.0,18851000.0,180448000.0
CTB,2014-03-31,False,Q1,2014,10-Q,873440000.0,80911000.0,45434000.0,0.72,0.71,0.105,2863938000.0,1589397000.0,649339000.0,335944000.0,1050295000.0,-27552000.0,-39672000.0,5444000.0,,18851000.0,39772000.0
CTB,2015-09-30,False,Q3,2015,10-Q,782368000.0,82167000.0,53176000.0,0.94,0.93,0.105,2487344000.0,1415855000.0,481606000.0,424232000.0,964724000.0,133242000.0,-127046000.0,-126892000.0,,18851000.0,128601000.0
CTB,2016-06-30,False,Q2,2016,10-Q,740294000.0,109916000.0,70749000.0,1.29,1.27,0.105,2504474000.0,1404094000.0,446665000.0,412098000.0,1085373000.0,69078000.0,-85148000.0,-71989000.0,,18851000.0,85479000.0
CTB,2016-09-30,False,Q3,2016,10-Q,750913000.0,78228000.0,49303000.0,0.91,0.9,0.105,2545868000.0,1431767000.0,470715000.0,450348000.0,1096740000.0,176680000.0,-126590000.0,-98067000.0,,18851000.0,126921000.0
CTB,2016-03-31,False,Q1,2016,10-Q,649775000.0,91104000.0,59005000.0,1.06,1.05,0.105,2468473000.0,1366567000.0,432157000.0,433996000.0,1054320000.0,1641000.0,-36146000.0,-35360000.0,,18851000.0,36166000.0
CTB,2015-06-30,False,Q2,2015,10-Q,705695000.0,99428000.0,59582000.0,1.04,1.03,0.105,2478614000.0,1397991000.0,464389000.0,408057000.0,946615000.0,46874000.0,-87043000.0,-102503000.0,,18851000.0,88598000.0
CTB,2014-09-30,False,Q3,2014,10-Q,1007353000.0,89375000.0,47699000.0,0.79,0.77,0.105,2923379000.0,1661029000.0,839449000.0,335778000.0,935323000.0,97990000.0,-111037000.0,-52368000.0,,18851000.0,112126000.0
CTB,2015-12-31,False,FY,2015,10-K,2972901000.0,354480000.0,212766000.0,3.73,3.69,0.42,2436176000.0,1334630000.0,433003000.0,505157000.0,1017611000.0,300314000.0,-180893000.0,-156667000.0,0.0,18851000.0,182544000.0
CTB,2014-12-31,False,FY,2014,10-K,7452620000.0,300458000.0,213578000.0,3.48,3.42,0.42,2489931000.0,1427552000.0,511365000.0,551652000.0,884261000.0,319084000.0,26918000.0,-194755000.0,298520000.0,18851000.0,145041000.0
CTB,2017-06-30,False,Q2,2017,10-Q,720753000.0,74832000.0,45310000.0,0.86,0.85,0.105,2663947000.0,1428125000.0,520700000.0,302386000.0,1192922000.0,-65371000.0,-89760000.0,-52914000.0,,53673000.0,89803000.0
CTB,2017-09-30,False,Q3,2017,10-Q,733843000.0,101377000.0,61687000.0,1.19,1.18,0.105,2673548000.0,1413960000.0,528711000.0,258362000.0,1232225000.0,-14225000.0,-143025000.0,-96599000.0,,56361000.0,143067000.0
CTB,2017-03-31,False,Q1,2017,10-Q,643025000.0,48670000.0,30561000.0,0.58,0.57,0.105,2612776000.0,1404396000.0,492909000.0,365046000.0,1156063000.0,-53931000.0,-44591000.0,-43575000.0,,53154000.0,44602000.0
CTB,2018-03-31,False,Q1,2018,10-Q,601496000.0,26454000.0,8285000.0,0.16,0.16,0.105,2678982000.0,1453739000.0,560514000.0,213091000.0,1204026000.0,-77303000.0,-59589000.0,-29915000.0,,56056000.0,59722000.0
CTB,2014-06-30,False,Q2,2014,10-Q,966054000.0,76589000.0,38182000.0,0.6,0.59,0.105,2909906000.0,1635397000.0,658685000.0,326636000.0,1088476000.0,9921000.0,-75752000.0,-7481000.0,,18851000.0,76132000.0
CTB,2018-09-30,False,Q3,2018,10-Q,737671000.0,81201000.0,53713000.0,1.07,1.07,0.105,2612887000.0,1417894000.0,556027000.0,208616000.0,1228509000.0,33522000.0,-143814000.0,-72480000.0,0.0,52725000.0,143974000.0
CTB,2018-06-30,False,Q2,2018,10-Q,698408000.0,32763000.0,15008000.0,0.3,0.3,0.105,2632779000.0,1426734000.0,553810000.0,180493000.0,1177268000.0,-78639000.0,-97599000.0,-33127000.0,30500000.0,53960000.0,97759000.0
CTB,2017-12-31,False,FY,2017,10-K,2854656000.0,271724000.0,95400000.0,1.83,1.81,0.42,2607735000.0,1388317000.0,505353000.0,371684000.0,1185756000.0,176828000.0,-196908000.0,-119770000.0,0.0,54613000.0,197186000.0
CTB,2016-12-31,False,FY,2016,10-K,2924869000.0,384387000.0,248381000.0,4.56,4.51,0.42,2619395000.0,1420518000.0,500814000.0,504423000.0,1130236000.0,309795000.0,-181028000.0,-118323000.0,0.0,52705000.0,175437000.0
