symbol,end_date,amend,period_focus,fiscal_year,doc_type,revenues,op_income,net_income,eps_basic,eps_diluted,dividend,assets,cur_assets,cur_liab,cash,equity,cash_flow_op,cash_flow_inv,cash_flow_fin,debt,goodwill,cap_ex
AUXO,2011-06-30,False,Q2,2011,10-Q,4803793.0,-566613.0,-569696.0,-0.03,-0.03,0.0,5390633.0,3639482.0,3976989.0,1783366.0,1339573.0,-808440.0,-10185.0,352084.0,,1517017.0,-10185.0
AUXO,2011-09-30,False,Q3,2011,10-Q,6674003.0,-11392.0,-47327.0,-0.0,-0.0,0.0,7735881.0,5757329.0,4399791.0,2054989.0,1431487.0,-1818536.0,-19242.0,1642860.0,,1517017.0,-19242.0
AUXO,2012-06-30,False,Q2,2012,10-Q,10722165.0,-114895.0,-26818.0,0.0,-0.0,0.0,10218713.0,8228068.0,8936494.0,1581398.0,-777438.0,-1052321.0,-11708.0,813312.0,,1517017.0,11708.0
AUXO,2012-09-30,False,Q3,2012,10-Q,8782198.0,-339128.0,-660008.0,-0.03,-0.03,0.0,8772488.0,6805717.0,7750694.0,1323434.0,-637823.0,-1036399.0,-17201.0,544919.0,,,17201.0
AUXO,2013-06-30,False,Q2,2013,10-Q,9801029.0,204647.0,97493.0,0.0,-0.0,0.0,10273789.0,8424359.0,8559765.0,2030126.0,-3706.0,-69633.0,-10278.0,-80935.0,,,10278.0
AUXO,2011-12-31,False,FY,2011,10-K,21845619.0,-2476689.0,-2591642.0,-0.13,-0.13,0.0,6555120.0,4591704.0,4221066.0,1832115.0,406569.0,-2023052.0,-24669.0,1629929.0,,1517017.0,-24669.0
AUXO,2012-12-31,False,FY,2012,10-K,35647021.0,-1630595.0,-2381866.0,-0.12,-0.12,0.0,9935820.0,7996475.0,8657932.0,2190972.0,-378220.0,-29601.0,-29841.0,418299.0,,,29841.0
AUXO,2013-09-30,False,Q3,2013,10-Q,10806614.0,856353.0,811466.0,0.04,0.04,0.0,10730621.0,8933337.0,9774540.0,3101018.0,901181.0,1123573.0,-10278.0,-203249.0,,,10278.0
AUXO,2013-12-31,False,FY,2013,10-K,42974978.0,1782711.0,1347816.0,0.07,0.06,0.0,11588829.0,9825528.0,9571721.0,4668624.0,1970550.0,2578804.0,-11841.0,-89311.0,,,11841.0
AUXO,2014-06-30,False,Q2,2014,10-Q,10377272.0,91811.0,-13259.0,-0.0,-0.0,0.0,12458765.0,10719818.0,10057674.0,4946549.0,2349731.0,482003.0,-25466.0,-178612.0,,,25466.0
AUXO,2014-09-30,False,Q3,2014,10-Q,11257870.0,823096.0,741643.0,0.03,0.03,0.0,15075081.0,11043470.0,8971400.0,4274441.0,5730935.0,972949.0,-1069931.0,-297201.0,,,74674.0
AUXO,2013-03-31,False,Q1,2013,10-Q,10092152.0,-98452.0,-230300.0,-0.01,-0.01,0.0,9937515.0,8045125.0,8463681.0,2684890.0,-220345.0,1047689.0,,-553771.0,,,
AUXO,2012-03-31,False,Q1,2012,10-Q,6537980.0,-1230545.0,-1619303.0,-0.08,-0.08,0.0,6182315.0,4222562.0,4926070.0,1031455.0,-986133.0,-780239.0,-4297.0,-16124.0,,1517017.0,-4297.0
AUXO,2014-03-31,False,Q1,2014,10-Q,10244574.0,29550.0,-70873.0,-0.0,-0.01,0.0,11461643.0,9729755.0,9228672.0,4752319.0,2200279.0,119216.0,-14682.0,-20839.0,,,14682.0
AUXO,2014-12-31,False,FY,2014,10-K,44032076.0,1674891.0,1336919.0,0.06,0.06,0.0,16820631.0,12831815.0,10041810.0,4743395.0,6395465.0,1480510.0,-1089422.0,-316317.0,,,94165.0
AUXO,2015-03-31,False,Q1,2015,10-Q,13847915.0,3907.0,-32542.0,-0.0,-0.0,0.0,17909063.0,13914774.0,11060274.0,5105615.0,6700058.0,439580.0,,-77360.0,,2473656.0,
AUXO,2015-06-30,False,Q2,2015,10-Q,15616530.0,-615389.0,-649736.0,-0.03,-0.03,0.0,22428787.0,15220237.0,13976929.0,5088623.0,6788634.0,536983.0,-1888976.0,1697221.0,2000000.0,3789656.0,12010.0
AUXO,2015-09-30,False,Q3,2015,10-Q,15725616.0,561700.0,529814.0,0.02,0.02,0.0,21448892.0,14458636.0,12554601.0,5220919.0,7366119.0,875372.0,-1888976.0,1491128.0,1875000.0,3665656.0,12010.0
AUXO,2016-03-31,False,Q1,2016,10-Q,14515640.0,-125056.0,-153156.0,-0.01,-0.01,0.0,21279460.0,14422326.0,11336463.0,5348844.0,8710865.0,-849639.0,-85611.0,-152638.0,1625000.0,3665656.0,85611.0
AUXO,2016-06-30,False,Q2,2016,10-Q,15162070.0,712752.0,647598.0,0.03,0.03,0.0,21689848.0,14978429.0,11132246.0,4449013.0,9475289.0,-1614708.0,-128184.0,-244827.0,1500000.0,3665656.0,128184.0
AUXO,2015-12-31,False,FY,2015,10-K,61253853.0,977181.0,1316656.0,0.05,0.05,0.0,22869452.0,15919104.0,12675452.0,6436732.0,8818504.0,2445586.0,-2091444.0,1339195.0,1750000.0,3665656.0,214478.0
AUXO,2016-09-30,False,Q3,2016,10-Q,14326382.0,780187.0,674360.0,0.03,0.03,0.0,20866984.0,14076159.0,9714836.0,5390883.0,10197900.0,-266889.0,-379873.0,-399087.0,1500000.0,3665656.0,379873.0
AUXO,2016-12-31,False,FY,2016,10-K,60200383.0,27247.0,5009801.0,0.61,0.6,0.0,26465797.0,17230788.0,11400728.0,6090844.0,14115425.0,417626.0,-205121.0,-558393.0,,2109143.0,205121.0
CTEK,2018-03-31,False,Q1,2018,10-Q,16383317.0,-533459.0,-707343.0,-0.07,-0.07,0.0,49840579.0,16662619.0,12396643.0,3409293.0,17205963.0,647953.0,-26275.0,-1464445.0,,18525206.0,26275.0
AUXO,2017-12-31,False,FY,2017,10-K,71638947.0,4844453.0,-442351.0,-0.05,-0.05,0.0,52695415.0,19229815.0,20263843.0,4252060.0,16845378.0,1433713.0,-13734711.0,10462214.0,1250000.0,18525206.0,286189.0
