symbol,end_date,amend,period_focus,fiscal_year,doc_type,revenues,op_income,net_income,eps_basic,eps_diluted,dividend,assets,cur_assets,cur_liab,cash,equity,cash_flow_op,cash_flow_inv,cash_flow_fin,debt,goodwill,cap_ex
JOEZ,2011-08-31,False,Q3,2011,10-Q,24151000.0,-2642000.0,-2038000.0,-0.03,-0.03,0.0,81239000.0,43162000.0,15419000.0,11641000.0,64597000.0,7986000.0,-1825000.0,-930000.0,,3836000.0,1825000.0
JOEZ,2011-11-30,False,FY,2011,10-K,95420000.0,-565000.0,-1365000.0,-0.02,-0.02,0.0,80162000.0,41519000.0,14121000.0,12690000.0,64757000.0,10606000.0,-2055000.0,-2271000.0,,3836000.0,2055000.0
JOEZ,2012-08-31,False,Q3,2012,10-Q,30304000.0,2677000.0,1390000.0,0.02,0.02,0.0,89398000.0,49344000.0,18376000.0,12778000.0,69364000.0,2554000.0,-1520000.0,-946000.0,,3836000.0,1520000.0
JOEZ,2012-02-29,False,Q1,2012,10-Q,25962000.0,1799000.0,794000.0,0.01,0.01,0.0,84603000.0,46027000.0,17359000.0,12316000.0,65823000.0,-903000.0,-233000.0,762000.0,,3836000.0,233000.0
JOEZ,2013-08-31,False,Q3,2013,10-Q,29385000.0,-295000.0,-287000.0,-0.0,-0.0,0.0,91818000.0,54946000.0,18492000.0,16015000.0,67046000.0,4319000.0,-1509000.0,-221000.0,,3836000.0,1509000.0
JOEZ,2012-05-31,False,Q2,2012,10-Q,28640000.0,3072000.0,1418000.0,0.02,0.02,0.0,86551000.0,46723000.0,17254000.0,11533000.0,67734000.0,-2982000.0,-785000.0,2610000.0,,3836000.0,785000.0
JOEZ,2013-05-31,False,Q2,2013,10-Q,30874000.0,2123000.0,1173000.0,0.02,0.02,0.0,89492000.0,53129000.0,15397000.0,14943000.0,67200000.0,2150000.0,-913000.0,280000.0,,3836000.0,913000.0
JOEZ,2013-02-28,False,Q1,2013,10-Q,29430000.0,-6396000.0,-6388000.0,-0.1,-0.1,0.0,87682000.0,51108000.0,14543000.0,14057000.0,65559000.0,878000.0,-436000.0,189000.0,,3836000.0,436000.0
DFBG,2018-09-30,False,Q3,2018,10-Q,39831000.0,-9246000.0,-12471000.0,-0.89,-0.89,0.0,168865000.0,63728000.0,38689000.0,3514000.0,40762000.0,-3473000.0,-976000.0,-369000.0,85027000.0,8406000.0,976000.0
JOEZ,2012-11-30,False,FY,2012,10-K,118642000.0,10717000.0,5565000.0,0.08,0.08,0.0,86024000.0,49248000.0,12490000.0,13426000.0,71739000.0,5782000.0,-2779000.0,-2267000.0,,3836000.0,2779000.0
JOEZ,2013-11-30,False,FY,2013,10-K,140183000.0,-3060000.0,-7314000.0,-0.11,-0.11,0.0,223023000.0,94802000.0,48416000.0,785000.0,65769000.0,7982000.0,-67353000.0,46730000.0,92520000.0,33812000.0,2135000.0
JOEZ,2014-05-31,False,Q2,2014,10-Q,48167000.0,3288000.0,2339000.0,0.03,0.01,0.0,222427000.0,96153000.0,49960000.0,424000.0,68143000.0,-4039000.0,-708000.0,4386000.0,23450000.0,34230000.0,290000.0
JOEZ,2014-08-31,False,Q3,2014,10-Q,52668000.0,3798000.0,276000.0,0.0,0.0,0.0,227416000.0,102578000.0,54529000.0,964000.0,68632000.0,-6445000.0,-983000.0,7607000.0,24080000.0,34231000.0,565000.0
JOEZ,2015-08-31,False,Q3,2015,10-Q,18865000.0,-4389000.0,5659000.0,0.08,0.08,0.0,171529000.0,104208000.0,100467000.0,368000.0,22553000.0,11701000.0,-451000.0,-11936000.0,93114000.0,8394000.0,102000.0
JOEZ,2014-02-28,False,Q1,2014,10-Q,47344000.0,1306000.0,-2178000.0,-0.03,-0.03,0.0,221015000.0,94016000.0,46250000.0,349000.0,63398000.0,2409000.0,-135000.0,-2710000.0,22835000.0,33812000.0,135000.0
JOEZ,2015-02-28,False,Q1,2015,10-Q,43017000.0,-3234000.0,-21595000.0,-0.31,-0.31,0.0,184807000.0,84876000.0,108182000.0,1080000.0,19950000.0,8019000.0,-259000.0,-7734000.0,92608000.0,12230000.0,259000.0
JOEZ,2015-08-31,True,Q3,2015,10-Q,18865000.0,-4389000.0,5659000.0,0.08,0.08,0.0,171529000.0,104208000.0,101704000.0,368000.0,22553000.0,11701000.0,-451000.0,-11936000.0,93114000.0,8394000.0,102000.0
DFBG,2016-03-31,False,Q1,2016,10-Q,34923000.0,-3053000.0,-6371000.0,-0.52,-0.52,0.0,167980000.0,60435000.0,23714000.0,11351000.0,52728000.0,-14600000.0,-7347000.0,31332000.0,82440000.0,7046000.0,809000.0
JOEZ,2014-11-30,False,FY,2014,10-K,188755000.0,-20787000.0,-27716000.0,-0.41,-0.41,0.0,203949000.0,103119000.0,116949000.0,1054000.0,40997000.0,-10333000.0,-1183000.0,11785000.0,92323000.0,12230000.0,765000.0
DFBG,2015-11-30,False,FY,2015,10-K,80199000.0,-33289000.0,-32328000.0,-0.47,-0.47,0.0,76258000.0,25008000.0,24816000.0,1937000.0,11023000.0,8599000.0,-485000.0,-7231000.0,34220000.0,8394000.0,123000.0
JOEZ,2015-05-31,False,Q2,2015,10-Q,47229000.0,617000.0,-3349000.0,-0.05,-0.05,0.0,173452000.0,74534000.0,99284000.0,828000.0,16756000.0,10841000.0,-381000.0,-10686000.0,92889000.0,12230000.0,381000.0
DFBG,2016-03-31,True,Q1,2016,10-Q,33715000.0,-1767000.0,-7344000.0,-0.57,-0.57,0.0,167360000.0,60435000.0,24222000.0,11351000.0,52618000.0,-15384000.0,-7347000.0,32116000.0,76047000.0,7046000.0,809000.0
DFBG,2016-09-30,False,Q3,2016,10-Q,41160000.0,-2380000.0,-4135000.0,-0.22,-0.22,0.0,175101000.0,59225000.0,37713000.0,4424000.0,49801000.0,-20758000.0,-19740000.0,42944000.0,87327000.0,10728000.0,1337000.0
DFBG,2016-06-30,False,Q2,2016,10-Q,32373000.0,-3120000.0,-4468000.0,-0.29,-0.29,0.0,156411000.0,51442000.0,21713000.0,8368000.0,49325000.0,-14467000.0,-7663000.0,28532000.0,72820000.0,6524000.0,1125000.0
DFBG,2017-03-31,False,Q1,2017,10-Q,40103000.0,-305000.0,-3701000.0,-0.18,-0.18,0.0,169079000.0,58959000.0,35993000.0,4038000.0,42641000.0,-3369000.0,-337000.0,1296000.0,90955000.0,8284000.0,337000.0
DFBG,2017-06-30,False,Q2,2017,10-Q,36453000.0,-223000.0,-5420000.0,-0.3,-0.3,0.0,168549000.0,59375000.0,35517000.0,6305000.0,39282000.0,-1217000.0,-594000.0,1643000.0,92036000.0,8340000.0,601000.0
DFBG,2017-09-30,False,Q3,2017,10-Q,42389000.0,1228000.0,-1565000.0,-0.01,-0.01,0.0,178385000.0,69698000.0,41971000.0,2792000.0,40131000.0,-7178000.0,-770000.0,4384000.0,95565000.0,8471000.0,777000.0
DFBG,2017-12-31,False,FY,2017,10-K,164053000.0,1076000.0,-7938000.0,-0.6,-0.6,0.0,173674000.0,67061000.0,38711000.0,8250000.0,44743000.0,-1726000.0,-1127000.0,4669000.0,96523000.0,8380000.0,1130000.0
DFBG,2018-06-30,False,Q2,2018,10-Q,35965000.0,-5602000.0,-7531000.0,-0.54,-0.54,0.0,167797000.0,61537000.0,29760000.0,5029000.0,50770000.0,152000.0,-770000.0,-2683000.0,81872000.0,8409000.0,770000.0
DFBG,2018-03-31,False,Q1,2018,10-Q,300000.0,-556000.0,-5847000.0,-0.43,-0.43,0.0,176667000.0,68935000.0,27752000.0,4331000.0,56544000.0,-3875000.0,-439000.0,388000.0,83952000.0,8536000.0,439000.0
DFBG,2016-12-31,False,FY,2016,10-K,149267000.0,-10153000.0,-22506000.0,-1.43,-1.43,0.0,166171000.0,54927000.0,34317000.0,6476000.0,44524000.0,-16570000.0,-20416000.0,41463000.0,87007000.0,8271000.0,2046000.0
