symbol,end_date,amend,period_focus,fiscal_year,doc_type,revenues,op_income,net_income,eps_basic,eps_diluted,dividend,assets,cur_assets,cur_liab,cash,equity,cash_flow_op,cash_flow_inv,cash_flow_fin,debt,goodwill,cap_ex
CUB,2018-12-31,False,Q1,2019,10-Q,3814000000.0,-566000.0,-6587000.0,-0.23,-0.23,0.0,1548955000.0,684675000.0,332606000.0,75174000.0,951207000.0,-61167000.0,-259195000.0,282276000.0,8800000.0,484329000.0,12045000.0
CUB,2012-03-31,False,Q2,2012,10-Q,340994000.0,33759000.0,24253000.0,0.91,0.91,0.12,978670000.0,687330000.0,309773000.0,230766000.0,603752000.0,-1565000.0,6076000.0,-71930000.0,11700000.0,146812000.0,10150000.0
CUB,2011-12-31,False,Q1,2012,10-Q,318747000.0,28181000.0,21442000.0,0.8,0.8,0.0,938819000.0,647956000.0,302703000.0,289141000.0,572726000.0,-38374000.0,1708000.0,-4136000.0,11800000.0,146413000.0,5249000.0
CUB,2012-12-31,False,Q1,2013,10-Q,313371000.0,18242000.0,12446000.0,0.47,0.47,0.0,1050753000.0,684401000.0,297508000.0,174116000.0,684898000.0,-26116000.0,-34518000.0,21089000.0,7400000.0,173734000.0,1423000.0
CUB,2011-06-30,False,Q3,2011,10-Q,319905000.0,26787000.0,20814000.0,0.78,0.78,0.0,928413000.0,636001000.0,320354000.0,312857000.0,538150000.0,51945000.0,14154000.0,-5222000.0,,146972000.0,5601000.0
CUB,2012-06-30,False,Q3,2012,10-Q,365397000.0,38586000.0,26721000.0,1.0,1.0,0.0,1006687000.0,704408000.0,281092000.0,231129000.0,651216000.0,1093000.0,4801000.0,-137000.0,11500000.0,146597000.0,13244000.0
CUB,2013-03-31,False,Q2,2013,10-Q,364305000.0,34648000.0,27158000.0,1.02,1.02,0.12,1100243000.0,704850000.0,286217000.0,148605000.0,693606000.0,-29855000.0,-22615000.0,42346000.0,53000000.0,185589000.0,3861000.0
CUB,2013-06-30,False,Q3,2013,10-Q,340445000.0,27009000.0,18364000.0,0.69,0.69,0.0,1145597000.0,745809000.0,260407000.0,212451000.0,716398000.0,49141000.0,-13779000.0,24622000.0,102900000.0,183895000.0,6209000.0
CUB,2011-09-30,False,FY,2011,10-K,1285203000.0,112335000.0,84768000.0,3.17,3.17,0.28,958840000.0,670645000.0,338497000.0,329148000.0,551798000.0,132588000.0,-77301000.0,-12045000.0,15918000.0,146355000.0,8728000.0
CUB,2013-09-30,False,FY,2013,10-K,1360723000.0,36392000.0,19798000.0,0.74,0.74,0.24,1106955000.0,734394000.0,256923000.0,203892000.0,704927000.0,-13276000.0,-76793000.0,77040000.0,102920000.0,134851000.0,9052000.0
CUB,2012-09-30,False,FY,2012,10-K,1381495000.0,128022000.0,91900000.0,3.44,3.44,0.24,1026317000.0,712726000.0,282643000.0,212267000.0,670342000.0,-54677000.0,11603000.0,-79550000.0,11503000.0,146933000.0,14226000.0
CUB,2013-09-30,True,FY,2013,10-K,1361407000.0,40735000.0,25086000.0,0.94,0.94,0.24,1108375000.0,742599000.0,245915000.0,203892000.0,717080000.0,-13276000.0,-76793000.0,77040000.0,102920000.0,134851000.0,9052000.0
CUB,2014-09-30,False,FY,2014,10-K,1398352000.0,92490000.0,69491000.0,2.59,2.59,0.24,1194606000.0,765387000.0,270175000.0,215849000.0,782501000.0,114810000.0,-97222000.0,-9826000.0,102390000.0,184141000.0,16620000.0
CUB,2013-12-31,False,Q1,2014,10-Q,307137000.0,11830000.0,8388000.0,0.31,0.31,0.0,1153281000.0,712457000.0,272188000.0,121376000.0,734554000.0,-39795000.0,-73897000.0,19130000.0,102900000.0,177945000.0,4922000.0
CUB,2015-12-31,False,Q1,2016,10-Q,313813000.0,-8077000.0,-5414000.0,-0.2,-0.2,0.0,1285083000.0,740834000.0,354941000.0,171363000.0,741834000.0,-49587000.0,-33443000.0,44120000.0,126500000.0,257255000.0,10360000.0
CUB,2014-03-31,False,Q2,2014,10-Q,354492000.0,22177000.0,16092000.0,0.6,0.6,0.12,1197924000.0,742230000.0,297804000.0,125343000.0,751564000.0,10496000.0,-12678000.0,6764000.0,102700000.0,186808000.0,10947000.0
CUB,2014-12-31,False,Q1,2015,10-Q,318488000.0,7179000.0,5152000.0,0.19,0.19,0.0,1249866000.0,729030000.0,321026000.0,187263000.0,773332000.0,8281000.0,-86651000.0,58221000.0,102200000.0,239927000.0,876000.0
CUB,2015-06-30,False,Q3,2015,10-Q,347806000.0,10293000.0,8780000.0,0.33,0.33,0.0,1286548000.0,789639000.0,360017000.0,209305000.0,770708000.0,-14606000.0,-15486000.0,13892000.0,101900000.0,239824000.0,15743000.0
CUB,2014-06-30,False,Q3,2014,10-Q,340357000.0,19215000.0,12206000.0,0.46,0.45,0.0,1187647000.0,741601000.0,269460000.0,166841000.0,772519000.0,66036000.0,-6362000.0,-23442000.0,102700000.0,187595000.0,13536000.0
CUB,2016-06-30,False,Q3,2016,10-Q,375240000.0,13893000.0,4498000.0,0.17,0.17,0.0,1486123000.0,754792000.0,489780000.0,173439000.0,727098000.0,43134000.0,-4571000.0,-10726000.0,201200000.0,406249000.0,25883000.0
CUB,2015-09-30,False,FY,2015,10-K,1431045000.0,75387000.0,22885000.0,0.85,0.85,0.27,1300276000.0,775302000.0,346776000.0,218476000.0,756288000.0,89689000.0,-125055000.0,73304000.0,126705000.0,237899000.0,22202000.0
CUB,2015-03-31,False,Q2,2015,10-Q,338834000.0,23206000.0,-11024000.0,-0.41,-0.41,0.14,1257948000.0,750585000.0,355419000.0,208104000.0,742660000.0,52817000.0,-11776000.0,-8941000.0,103500000.0,237395000.0,2580000.0
CUB,2016-03-31,False,Q2,2016,10-Q,366024000.0,-9086000.0,10144000.0,0.38,0.38,0.14,1501087000.0,730498000.0,491819000.0,158808000.0,741396000.0,11892000.0,-216231000.0,200134000.0,201400000.0,409442000.0,21375000.0
CUB,2017-06-30,False,Q3,2017,10-Q,361869000.0,-1697000.0,-21957000.0,-0.81,-0.81,0.0,1302913000.0,588534000.0,343992000.0,67064000.0,661488000.0,-28320000.0,-4069000.0,-73322000.0,200700000.0,410902000.0,25490000.0
CUB,2017-03-31,False,Q2,2017,10-Q,343709000.0,-2072000.0,461000.0,0.02,0.02,0.14,1487902000.0,760501000.0,519015000.0,167817000.0,671972000.0,3900000.0,-14747000.0,7145000.0,200800000.0,409091000.0,15169000.0
CUB,2018-03-31,False,Q2,2018,10-Q,278586000.0,-1679000.0,-2011000.0,-0.07,-0.07,0.14,1312975000.0,688855000.0,372070000.0,56419000.0,679575000.0,34050000.0,-8531000.0,-16444000.0,200000000.0,330538000.0,11786000.0
CUB,2018-06-30,False,Q3,2018,10-Q,296212000.0,10290000.0,6291000.0,0.23,0.23,0.0,1234097000.0,613904000.0,276826000.0,93274000.0,675885000.0,-24406000.0,124239000.0,-63806000.0,9100000.0,327964000.0,21120000.0
CUB,2016-09-30,False,FY,2016,10-K,1461665000.0,7218000.0,1735000.0,0.06,0.06,0.27,1504679000.0,782922000.0,520243000.0,197127000.0,689896000.0,44602000.0,-260566000.0,233126000.0,201012000.0,406946000.0,32093000.0
CUB,2017-09-30,False,FY,2017,10-K,1485861000.0,17514000.0,-11209000.0,-0.41,-0.41,0.27,1336285000.0,621543000.0,376479000.0,60143000.0,689631000.0,24736000.0,-42482000.0,-129826000.0,200000000.0,415912000.0,36932000.0
CUB,2018-09-30,False,FY,2018,10-K,1202898000.0,24382000.0,12310000.0,0.45,0.45,0.27,1304883000.0,668147000.0,328339000.0,111834000.0,724196000.0,18965000.0,86677000.0,-51185000.0,17800000.0,333626000.0,31696000.0
CUB,2017-12-31,False,Q1,2018,10-Q,340684000.0,-7004000.0,-9786000.0,-0.36,-0.36,0.0,1317065000.0,606122000.0,368074000.0,48995000.0,679123000.0,-26938000.0,-11639000.0,26845000.0,200000000.0,416284000.0,6318000.0
CUB,2016-12-31,False,Q1,2017,10-Q,334677000.0,-4101000.0,-2868000.0,-0.11,-0.11,0.0,1455297000.0,730588000.0,488082000.0,166339000.0,666091000.0,7098000.0,-18365000.0,-6855000.0,200900000.0,408372000.0,6674000.0
