symbol,end_date,amend,period_focus,fiscal_year,doc_type,revenues,op_income,net_income,eps_basic,eps_diluted,dividend,assets,cur_assets,cur_liab,cash,equity,cash_flow_op,cash_flow_inv,cash_flow_fin,debt,goodwill,cap_ex
CCL,2018-11-30,False,FY,2018,10-K,18881000000.0,3325000000.0,3152000000.0,4.45,4.44,1.95,42401000000.0,2225000000.0,9204000000.0,982000000.0,24443000000.0,5549000000.0,-3502000000.0,-1460000000.0,5900000000.0,2925000000.0,3749000000.0
CCL,2013-02-28,False,Q1,2013,10-Q,3593000000.0,145000000.0,37000000.0,0.05,0.05,0.25,38675000000.0,1792000000.0,6782000000.0,476000000.0,23523000000.0,399000000.0,-167000000.0,-203000000.0,,3143000000.0,241000000.0
CCL,2012-11-30,False,FY,2012,10-K,15382000000.0,1642000000.0,1298000000.0,1.67,1.67,1.5,39161000000.0,1821000000.0,7340000000.0,465000000.0,23929000000.0,2999000000.0,-1772000000.0,-1190000000.0,8902000000.0,3174000000.0,2332000000.0
CCL,2012-02-29,False,Q1,2012,10-Q,3582000000.0,-82000000.0,-139000000.0,-0.18,-0.18,0.25,38963000000.0,2173000000.0,6544000000.0,471000000.0,23653000000.0,322000000.0,-248000000.0,-50000000.0,,3188000000.0,267000000.0
CCL,2011-05-31,False,Q2,2011,10-Q,3620000000.0,279000000.0,206000000.0,0.26,0.26,0.25,39763000000.0,1499000000.0,6521000000.0,557000000.0,23852000000.0,1801000000.0,-1625000000.0,-59000000.0,6972000000.0,3424000000.0,1622000000.0
CCL,2011-08-31,False,Q3,2011,10-Q,5058000000.0,1433000000.0,1337000000.0,1.69,1.69,0.25,40026000000.0,1397000000.0,6881000000.0,430000000.0,24752000000.0,3016000000.0,-2410000000.0,-608000000.0,,3430000000.0,2435000000.0
CCL,2012-08-31,False,Q3,2012,10-Q,4684000000.0,1295000000.0,1330000000.0,1.71,1.71,0.25,39082000000.0,1941000000.0,5936000000.0,568000000.0,24193000000.0,2476000000.0,-1600000000.0,-737000000.0,,3146000000.0,2164000000.0
CCL,2011-11-30,False,FY,2011,10-K,15793000000.0,2255000000.0,1912000000.0,2.43,2.42,1.0,38637000000.0,1312000000.0,6105000000.0,450000000.0,23832000000.0,3766000000.0,-2646000000.0,-1093000000.0,9353000000.0,3322000000.0,2696000000.0
CCL,2012-05-31,False,Q2,2012,10-Q,3538000000.0,253000000.0,14000000.0,0.02,0.02,0.25,39462000000.0,2169000000.0,7262000000.0,900000000.0,23026000000.0,1458000000.0,-1456000000.0,483000000.0,,3135000000.0,1997000000.0
CCL,2014-11-30,False,FY,2014,10-K,15884000000.0,1792000000.0,1236000000.0,1.59,1.59,1.0,39532000000.0,1503000000.0,6921000000.0,331000000.0,24288000000.0,3430000000.0,-2507000000.0,-1028000000.0,2219000000.0,3127000000.0,2583000000.0
CUK,2014-08-31,False,Q3,2014,10-Q,4947000000.0,1298000000.0,1247000000.0,1.61,1.6,0.25,39997000000.0,1602000000.0,7056000000.0,436000000.0,25157000000.0,2793000000.0,-1617000000.0,-1188000000.0,,3199000000.0,1677000000.0
CUK,2014-05-31,False,Q2,2014,10-Q,3633000000.0,155000000.0,106000000.0,0.14,0.14,0.25,40526000000.0,1625000000.0,7401000000.0,343000000.0,24365000000.0,1673000000.0,-1268000000.0,-519000000.0,,3226000000.0,1329000000.0
CUK,2014-02-28,False,Q1,2014,10-Q,3585000000.0,72000000.0,-15000000.0,-0.02,-0.02,0.25,39905000000.0,1645000000.0,6688000000.0,421000000.0,24470000000.0,477000000.0,-349000000.0,-162000000.0,,3226000000.0,353000000.0
CUK,2013-11-30,False,FY,2013,10-K,15456000000.0,1352000000.0,1078000000.0,1.39,1.39,1.0,40104000000.0,1937000000.0,6720000000.0,462000000.0,24556000000.0,2834000000.0,-2056000000.0,-780000000.0,9560000000.0,3210000000.0,2149000000.0
CCL,2013-08-31,False,Q3,2013,10-Q,4726000000.0,951000000.0,934000000.0,1.2,1.2,0.25,40393000000.0,2634000000.0,7488000000.0,981000000.0,24260000000.0,2359000000.0,-1807000000.0,-29000000.0,,3160000000.0,1812000000.0
CUK,2013-05-31,False,Q2,2013,10-Q,3479000000.0,152000000.0,41000000.0,0.05,0.05,0.25,39979000000.0,2324000000.0,8055000000.0,711000000.0,23280000000.0,1556000000.0,-1373000000.0,84000000.0,,3134000000.0,1447000000.0
CCL,2009-08-31,False,Q3,2009,10-Q,4139000000.0,1196000000.0,1073000000.0,1.36,1.33,0.0,36359000000.0,2098000000.0,5775000000.0,976000000.0,21560000000.0,2630000000.0,-2454000000.0,123000000.0,,3402000000.0,2402000000.0
CCL,2010-08-31,False,Q3,2010,10-Q,4426000000.0,1402000000.0,1303000000.0,1.65,1.62,0.1,36847000000.0,1445000000.0,5876000000.0,527000000.0,22595000000.0,3084000000.0,-2736000000.0,-327000000.0,-8608000000.0,3287000000.0,2838000000.0
CCL,2010-02-28,False,Q1,2010,10-Q,3095000000.0,255000000.0,175000000.0,0.22,0.22,0.1,36732000000.0,1745000000.0,5667000000.0,753000000.0,21419000000.0,396000000.0,-1116000000.0,976000000.0,,3326000000.0,1169000000.0
CCL,2010-11-30,False,FY,2010,10-K,14469000000.0,2347000000.0,1978000000.0,2.51,2.47,0.4,37490000000.0,1244000000.0,5755000000.0,429000000.0,23031000000.0,3818000000.0,-3501000000.0,-404000000.0,9364000000.0,3320000000.0,3579000000.0
CCL,2010-05-31,False,Q2,2010,10-Q,3195000000.0,349000000.0,252000000.0,0.32,0.32,0.1,36029000000.0,1586000000.0,6763000000.0,594000000.0,20864000000.0,1794000000.0,-2094000000.0,425000000.0,,3214000000.0,2168000000.0
CCL,2009-11-30,False,FY,2009,10-K,13157000000.0,2154000000.0,1790000000.0,2.27,2.24,0.0,36835000000.0,1518000000.0,4967000000.0,538000000.0,22035000000.0,3342000000.0,-3384000000.0,-93000000.0,,3451000000.0,3380000000.0
CCL,2015-02-28,False,Q1,2015,10-Q,3531000000.0,266000000.0,49000000.0,0.06,0.06,0.25,38714000000.0,1426000000.0,7412000000.0,280000000.0,23350000000.0,771000000.0,-974000000.0,151000000.0,,3055000000.0,942000000.0
CCL,2011-02-28,False,Q1,2011,10-Q,3419000000.0,235000000.0,152000000.0,0.19,0.19,0.25,37965000000.0,1365000000.0,6009000000.0,465000000.0,23435000000.0,412000000.0,-158000000.0,-230000000.0,6980000000.0,3373000000.0,172000000.0
CCL,2015-08-31,False,Q3,2015,10-Q,4883000000.0,1510000000.0,1216000000.0,1.56,1.56,0.3,38797000000.0,1617000000.0,6749000000.0,539000000.0,24353000000.0,3567000000.0,-1805000000.0,-1509000000.0,,3052000000.0,1704000000.0
CCL,2017-08-31,False,Q3,2017,10-Q,5515000000.0,1393000000.0,1329000000.0,1.84,1.83,0.4,40643000000.0,1661000000.0,7969000000.0,489000000.0,24172000000.0,4298000000.0,-2419000000.0,-2004000000.0,,2957000000.0,2296000000.0
CCL,2017-05-31,False,Q2,2017,10-Q,3945000000.0,500000000.0,379000000.0,0.52,0.52,0.4,40451000000.0,1774000000.0,9058000000.0,597000000.0,22964000000.0,2849000000.0,-1934000000.0,-935000000.0,,2953000000.0,1859000000.0
CCL,2016-05-31,False,Q2,2016,10-Q,3705000000.0,478000000.0,605000000.0,0.81,0.8,0.35,39851000000.0,1600000000.0,7841000000.0,519000000.0,22791000000.0,2681000000.0,-2173000000.0,-1381000000.0,,3019000000.0,1966000000.0
CCL,2016-02-29,False,Q1,2016,10-Q,3651000000.0,434000000.0,142000000.0,0.18,0.18,0.3,38446000000.0,1860000000.0,6664000000.0,778000000.0,22625000000.0,798000000.0,-459000000.0,-947000000.0,,2980000000.0,330000000.0
CCL,2017-02-28,False,Q1,2017,10-Q,3791000000.0,368000000.0,352000000.0,0.48,0.48,0.35,38703000000.0,1597000000.0,7465000000.0,437000000.0,22660000000.0,932000000.0,-474000000.0,-615000000.0,800000000.0,2911000000.0,412000000.0
CCL,2016-11-30,False,FY,2016,10-K,16389000000.0,3071000000.0,2779000000.0,3.73,3.72,1.35,38936000000.0,1689000000.0,7072000000.0,603000000.0,22597000000.0,5134000000.0,-3323000000.0,-2591000000.0,1717000000.0,2910000000.0,3062000000.0
CCL,2016-08-31,False,Q3,2016,10-Q,5097000000.0,1562000000.0,1424000000.0,1.93,1.93,0.35,39332000000.0,1554000000.0,7100000000.0,462000000.0,22900000000.0,4110000000.0,-2622000000.0,-2426000000.0,100000000.0,2964000000.0,2416000000.0
CCL,2015-11-30,False,FY,2015,10-K,15714000000.0,2574000000.0,1757000000.0,2.26,2.26,1.1,39237000000.0,2451000000.0,6956000000.0,1395000000.0,23771000000.0,4545000000.0,-2478000000.0,-942000000.0,2219000000.0,3010000000.0,2294000000.0
CCL,2015-05-31,False,Q2,2015,10-Q,3590000000.0,289000000.0,222000000.0,0.29,0.29,0.25,38611000000.0,1479000000.0,7683000000.0,298000000.0,23252000000.0,2286000000.0,-1427000000.0,-861000000.0,,3041000000.0,1381000000.0
CCL,2018-08-31,False,Q3,2018,10-Q,5836000000.0,1794000000.0,1707000000.0,2.42,2.41,0.5,41753000000.0,1755000000.0,8020000000.0,526000000.0,24654000000.0,4436000000.0,-2606000000.0,-1707000000.0,,2949000000.0,2784000000.0
CCL,2018-05-31,False,Q2,2018,10-Q,4357000000.0,559000000.0,561000000.0,0.79,0.78,0.5,42184000000.0,2278000000.0,9308000000.0,1053000000.0,23933000000.0,3087000000.0,-2092000000.0,-339000000.0,,2950000000.0,2201000000.0
CCL,2018-02-28,False,Q1,2018,10-Q,4232000000.0,419000000.0,391000000.0,0.54,0.54,0.45,41441000000.0,1667000000.0,8851000000.0,453000000.0,24382000000.0,1064000000.0,-591000000.0,-428000000.0,,3014000000.0,574000000.0
CCL,2017-11-30,False,FY,2017,10-K,17510000000.0,2809000000.0,2606000000.0,3.61,3.59,1.6,40778000000.0,1596000000.0,8800000000.0,395000000.0,24216000000.0,5322000000.0,-3089000000.0,-2452000000.0,5300000000.0,2967000000.0,2944000000.0
