symbol,end_date,amend,period_focus,fiscal_year,doc_type,revenues,op_income,net_income,eps_basic,eps_diluted,dividend,assets,cur_assets,cur_liab,cash,equity,cash_flow_op,cash_flow_inv,cash_flow_fin,debt,goodwill,cap_ex
CVBF,2012-03-31,False,Q1,2012,10-Q,71321000.0,,22196000.0,0.21,0.21,0.085,6506083000.0,,,94523000.0,730007000.0,34550000.0,-133089000.0,29514000.0,448730000.0,55097000.0,711000.0
CVBF,2011-03-31,False,Q1,2011,10-Q,76490000.0,,16534000.0,0.16,0.16,0.085,6498352000.0,,,348773000.0,654604000.0,5757000.0,-5710000.0,-5262000.0,2966000.0,55097000.0,309000.0
CVBF,2012-09-30,False,Q3,2012,10-Q,68471000.0,,9227000.0,0.09,0.09,0.085,6321341000.0,,,99881000.0,754207000.0,115254000.0,-6221000.0,-206191000.0,198866000.0,55097000.0,-3382000.0
CVBF,2012-06-30,False,Q2,2012,10-Q,72471000.0,,23537000.0,0.23,0.23,0.085,6523963000.0,,,105199000.0,748253000.0,84472000.0,37136000.0,9744000.0,448798000.0,55097000.0,2913000.0
CVBF,2018-12-31,False,FY,2018,10-K,405341000.0,,151574000.0,1.25,1.24,0.56,11529153000.0,,,144008000.0,1851190000.0,168378000.0,807656000.0,-956463000.0,,666539000.0,4194000.0
CVBF,2011-12-31,False,FY,2011,10-K,303936000.0,,81733000.0,0.77,0.77,0.34,6482915000.0,,,35407000.0,714814000.0,130018000.0,-86663000.0,-102287000.0,450000000.0,55097000.0,1676000.0
CVBF,2012-12-31,False,FY,2012,10-K,278125000.0,,77033000.0,0.74,0.74,0.34,6363364000.0,,,87274000.0,762970000.0,154761000.0,-221088000.0,-180585000.0,200000000.0,55097000.0,4271000.0
CVBF,2011-09-30,False,Q3,2011,10-Q,76044000.0,,22302000.0,0.21,0.21,0.085,6529907000.0,,,33493000.0,699875000.0,51910000.0,17068000.0,-30311000.0,1930000.0,55097000.0,679000.0
CVBF,2013-09-30,False,Q3,2013,10-Q,63031000.0,,24165000.0,0.23,0.23,0.1,6557283000.0,,,127728000.0,768222000.0,72803000.0,-212162000.0,172370000.0,,55097000.0,2080000.0
CVBF,2013-03-31,False,Q1,2013,10-Q,65558000.0,,21546000.0,0.21,0.21,0.085,6265767000.0,,,79669000.0,768212000.0,8326000.0,136019000.0,-107498000.0,199002000.0,55097000.0,1059000.0
CVBF,2011-06-30,False,Q2,2011,10-Q,77176000.0,,20956000.0,0.2,0.2,0.085,6460193000.0,,,102600000.0,683685000.0,12451000.0,79082000.0,-38733000.0,2483000.0,55097000.0,459000.0
CVBF,2013-06-30,False,Q2,2013,10-Q,64288000.0,,24391000.0,0.23,0.23,0.1,6425556000.0,,,111292000.0,752074000.0,53164000.0,139815000.0,-9142000.0,199070000.0,55097000.0,1541000.0
CVBF,2013-12-31,False,FY,2013,10-K,258060000.0,,95310000.0,0.91,0.91,0.385,6664967000.0,,,88776000.0,771887000.0,111811000.0,-378456000.0,262907000.0,,55097000.0,2421000.0
CVBF,2014-03-31,False,Q1,2014,10-Q,72560000.0,,28534000.0,0.27,0.27,0.1,6902518000.0,,,124112000.0,809181000.0,28952000.0,169361000.0,128380000.0,,55097000.0,301000.0
CVBF,2014-09-30,False,Q3,2014,10-Q,73304000.0,,24161000.0,0.23,0.23,0.1,7422849000.0,,,106002000.0,849231000.0,66186000.0,-196943000.0,276120000.0,,74244000.0,1668000.0
CVBF,2014-06-30,False,Q2,2014,10-Q,68266000.0,,25339000.0,0.24,0.24,0.1,7423993000.0,,,134874000.0,840759000.0,32259000.0,37578000.0,239653000.0,,74762000.0,964000.0
CVBF,2014-12-31,False,FY,2014,10-K,289315000.0,,103477000.0,0.98,0.98,0.4,7377920000.0,,,95030000.0,878109000.0,-1378000.0,41000000.0,-41134000.0,,74244000.0,1893000.0
CVBF,2015-03-31,False,Q1,2015,10-Q,72191000.0,,15752000.0,0.15,0.15,0.12,7442951000.0,,,112336000.0,897118000.0,28115000.0,230806000.0,36683000.0,,74244000.0,157000.0
CVBF,2016-03-31,False,Q1,2016,10-Q,73183000.0,,23287000.0,0.22,0.22,0.12,7920836000.0,,,108145000.0,971862000.0,31330000.0,150105000.0,-47946000.0,,88174000.0,911000.0
CVBF,2015-06-30,False,Q2,2015,10-Q,72860000.0,,26670000.0,0.25,0.25,0.12,7697358000.0,,,125431000.0,893991000.0,49649000.0,67717000.0,223312000.0,,74244000.0,485000.0
CVBF,2016-06-30,False,Q2,2016,10-Q,77289000.0,,25415000.0,0.23,0.23,0.12,8312307000.0,,,107779000.0,991463000.0,58609000.0,255032000.0,279444000.0,,88174000.0,2045000.0
CVBF,2015-09-30,False,Q3,2015,10-Q,76144000.0,,27737000.0,0.26,0.26,0.12,7626462000.0,,,100334000.0,920727000.0,85370000.0,-7011000.0,124100000.0,,74244000.0,1249000.0
CVBF,2015-12-31,False,FY,2015,10-K,294996000.0,,98630000.0,0.93,0.93,0.48,7671200000.0,,,102772000.0,923399000.0,-1328000.0,49000000.0,-44244000.0,,74244000.0,1869000.0
CVBF,2017-03-31,False,Q1,2017,10-Q,76170000.0,,28392000.0,0.26,0.26,0.12,8559121000.0,,,118772000.0,1046333000.0,57149000.0,135582000.0,68077000.0,,119193000.0,998000.0
CVBF,2017-06-30,False,Q2,2017,10-Q,83365000.0,,28268000.0,0.26,0.26,0.14,8418203000.0,,,134686000.0,1060769000.0,66366000.0,105636000.0,-108888000.0,,119193000.0,2469000.0
CVBF,2016-09-30,False,Q3,2016,10-Q,74354000.0,,25350000.0,0.23,0.23,0.12,8044993000.0,,,119420000.0,1003303000.0,98216000.0,64838000.0,-9992000.0,,88174000.0,2343000.0
CVBF,2016-12-31,False,FY,2016,10-K,300602000.0,,101008000.0,0.94,0.94,0.48,8073707000.0,,,119445000.0,990862000.0,-765000.0,49000000.0,-47449000.0,,89533000.0,12615000.0
CVBF,2017-12-31,False,FY,2017,10-K,329344000.0,,104029000.0,0.95,0.95,0.54,8270586000.0,,,119841000.0,1069266000.0,-37000.0,57000000.0,-55492000.0,,116564000.0,4893000.0
CVBF,2017-09-30,False,Q3,2017,10-Q,83908000.0,,29576000.0,0.27,0.27,0.14,8304012000.0,,,137196000.0,1076464000.0,107475000.0,156108000.0,-241426000.0,,116564000.0,3129000.0
CVBF,2018-06-30,False,Q2,2018,10-Q,84500000.0,,35279000.0,0.32,0.32,0.14,8093863000.0,,,119495000.0,1083417000.0,68326000.0,180334000.0,-211548000.0,,116564000.0,1225000.0
CVBF,2018-03-31,False,Q1,2018,10-Q,85613000.0,,34805000.0,0.32,0.32,0.14,8356160000.0,,,101714000.0,1066858000.0,40419000.0,190745000.0,80697000.0,,116564000.0,716000.0
CVBF,2018-09-30,False,Q3,2018,10-Q,106750000.0,,38462000.0,0.3,0.3,0.0,11480341000.0,,,174083000.0,1818580000.0,116564000.0,874202000.0,-940668000.0,,662888000.0,3483000.0
