symbol,end_date,amend,period_focus,fiscal_year,doc_type,revenues,op_income,net_income,eps_basic,eps_diluted,dividend,assets,cur_assets,cur_liab,cash,equity,cash_flow_op,cash_flow_inv,cash_flow_fin,debt,goodwill,cap_ex
CVCO,2018-12-29,False,Q3,2019,10-Q,233700000.0,18188000.0,13384000.0,1.47,1.44,0.0,717201000.0,449737000.0,186108000.0,192869000.0,509072000.0,16358000.0,-5175000.0,-5834000.0,54616000.0,72920000.0,6318000.0
CVCO,2012-06-30,False,Q1,2013,10-Q,118781000.0,4080000.0,860000.0,0.12,0.12,0.0,437723000.0,171224000.0,84158000.0,47149000.0,171621000.0,9267000.0,-1170000.0,-2042000.0,91958000.0,67346000.0,221000.0
CVCO,2011-09-30,False,Q2,2012,10-Q,130008000.0,6640000.0,1685000.0,0.24,0.24,0.0,432888000.0,165625000.0,88374000.0,35219000.0,164339000.0,11575000.0,-29438000.0,-23431000.0,,,1839000.0
CVCO,2011-12-31,False,Q3,2012,10-Q,114564000.0,6387000.0,1677000.0,0.24,0.24,0.0,428003000.0,162734000.0,79681000.0,35397000.0,166391000.0,8657000.0,-25275000.0,-24498000.0,,,2273000.0
CVCO,2012-03-31,False,FY,2012,10-K,443066000.0,16145000.0,15237000.0,2.22,2.19,0.0,437334000.0,169032000.0,85505000.0,41094000.0,168343000.0,16430000.0,-23074000.0,-28775000.0,,,2427000.0
CVCO,2013-12-28,False,Q3,2014,10-Q,138317000.0,9550000.0,5892000.0,0.67,0.66,0.0,456760000.0,215701000.0,90090000.0,59520000.0,285515000.0,26657000.0,-5592000.0,-9368000.0,72835000.0,67346000.0,1671000.0
CVCO,2013-06-29,False,Q1,2014,10-Q,133987000.0,6918000.0,1826000.0,0.26,0.26,0.0,450874000.0,205687000.0,92198000.0,59835000.0,179841000.0,15630000.0,-472000.0,-3146000.0,79106000.0,67346000.0,386000.0
CVCO,2013-09-28,False,Q2,2014,10-Q,129826000.0,7802000.0,4310000.0,0.51,0.5,0.0,458629000.0,215906000.0,95660000.0,61671000.0,279288000.0,22470000.0,-1878000.0,-6744000.0,75503000.0,67346000.0,832000.0
CVCO,2012-12-29,False,Q3,2013,10-Q,114603000.0,6268000.0,1457000.0,0.21,0.21,0.0,436395000.0,175820000.0,80526000.0,42451000.0,175073000.0,12125000.0,-1170000.0,-9598000.0,84524000.0,67346000.0,563000.0
CVCO,2011-06-30,False,Q1,2012,10-Q,98981000.0,-830000.0,8608000.0,1.26,1.25,0.0,428526000.0,159129000.0,88396000.0,33537000.0,160835000.0,5202000.0,-28551000.0,-19627000.0,,,1029000.0
CVCO,2012-09-30,False,Q2,2013,10-Q,110084000.0,5589000.0,1254000.0,0.18,0.18,0.0,440214000.0,173115000.0,85510000.0,46790000.0,173323000.0,13884000.0,-1878000.0,-6310000.0,87763000.0,67346000.0,386000.0
CVCO,2013-03-30,False,FY,2013,10-K,452300000.0,21042000.0,4963000.0,0.71,0.71,0.0,444499000.0,194382000.0,87005000.0,47823000.0,176890000.0,20720000.0,-2140000.0,-11851000.0,82287000.0,67346000.0,755000.0
CVCO,2014-03-29,False,FY,2014,10-K,533339000.0,31545000.0,16238000.0,1.97,1.94,0.0,469239000.0,227846000.0,98993000.0,72949000.0,290433000.0,46757000.0,-9664000.0,-11967000.0,70052000.0,67346000.0,2265000.0
CVCO,2014-12-27,False,Q3,2015,10-Q,146932000.0,9804000.0,6638000.0,0.75,0.74,0.0,489606000.0,252218000.0,95855000.0,92241000.0,313770000.0,17638000.0,941000.0,713000.0,67617000.0,67346000.0,1683000.0
CVCO,2014-09-27,False,Q2,2015,10-Q,139315000.0,9327000.0,5467000.0,0.62,0.61,0.0,487262000.0,249471000.0,101024000.0,80830000.0,306196000.0,8749000.0,-1367000.0,499000.0,68114000.0,67346000.0,937000.0
CVCO,2015-06-27,False,Q1,2016,10-Q,161668000.0,9175000.0,5385000.0,0.61,0.6,0.0,522944000.0,270190000.0,116354000.0,70216000.0,325698000.0,3943000.0,-29191000.0,-1133000.0,65516000.0,69014000.0,526000.0
CVCO,2014-06-28,False,Q1,2015,10-Q,139164000.0,9510000.0,5759000.0,0.65,0.64,0.0,474472000.0,234772000.0,98817000.0,73604000.0,296883000.0,2179000.0,183000.0,-1707000.0,68930000.0,67346000.0,410000.0
CVCO,2015-09-26,False,Q2,2016,10-Q,191964000.0,12984000.0,8070000.0,0.91,0.89,0.0,536401000.0,284880000.0,123987000.0,92863000.0,335114000.0,29818000.0,-31397000.0,-2155000.0,63519000.0,69014000.0,1112000.0
CVCO,2016-04-02,False,FY,2016,10-K,712352000.0,46342000.0,28541000.0,3.21,3.15,0.0,553835000.0,298719000.0,125089000.0,97766000.0,353226000.0,43543000.0,-38227000.0,-4147000.0,61171000.0,69753000.0,3519000.0
CVCO,2015-12-26,False,Q3,2016,10-Q,181427000.0,12662000.0,8098000.0,0.91,0.89,0.0,542520000.0,291465000.0,121082000.0,96164000.0,344179000.0,35072000.0,-32733000.0,-2772000.0,62480000.0,69014000.0,2447000.0
CVCO,2016-07-02,False,Q1,2017,10-Q,185141000.0,8565000.0,5443000.0,0.61,0.6,0.0,560443000.0,305845000.0,127397000.0,102494000.0,358643000.0,8201000.0,-1212000.0,-2261000.0,59467000.0,69753000.0,1890000.0
CVCO,2017-04-01,False,FY,2017,10-K,773797000.0,56806000.0,37955000.0,4.23,4.17,0.0,607316000.0,356764000.0,140216000.0,132542000.0,394408000.0,44794000.0,-7062000.0,-2956000.0,57991000.0,69753000.0,5295000.0
CVCO,2015-03-28,False,FY,2015,10-K,566659000.0,38477000.0,23817000.0,2.69,2.64,0.0,502582000.0,265464000.0,101471000.0,96597000.0,320154000.0,25698000.0,-2099000.0,49000.0,66960000.0,67346000.0,2210000.0
CVCO,2016-12-31,False,Q3,2017,10-Q,202310000.0,17541000.0,12283000.0,1.37,1.35,0.0,582074000.0,334567000.0,125766000.0,119745000.0,383979000.0,28799000.0,-3661000.0,-3159000.0,57753000.0,69753000.0,4343000.0
CVCO,2016-10-01,False,Q2,2017,10-Q,188348000.0,13678000.0,9341000.0,1.04,1.03,0.0,576513000.0,330836000.0,133418000.0,115011000.0,370972000.0,22379000.0,-2321000.0,-2813000.0,58006000.0,69753000.0,3105000.0
CVCO,2018-03-31,False,FY,2018,10-K,871235000.0,73773000.0,61502000.0,6.82,6.68,0.0,674780000.0,418593000.0,176329000.0,186766000.0,457106000.0,58771000.0,-4671000.0,124000.0,59812000.0,72920000.0,8386000.0
CVCO,2017-07-01,False,Q1,2018,10-Q,206816000.0,15661000.0,11753000.0,1.3,1.28,0.0,609655000.0,356644000.0,142378000.0,129509000.0,404408000.0,-47000.0,-608000.0,-2378000.0,57589000.0,69753000.0,594000.0
CVCO,2017-12-30,False,Q3,2018,10-Q,221383000.0,23811000.0,21427000.0,2.37,2.33,0.0,644153000.0,383963000.0,149257000.0,138974000.0,435572000.0,15384000.0,-6562000.0,-2390000.0,57291000.0,72833000.0,3025000.0
CVCO,2018-06-30,False,Q1,2019,10-Q,246403000.0,22263000.0,19691000.0,2.18,2.12,0.0,693561000.0,429237000.0,175626000.0,177487000.0,475687000.0,-2115000.0,-1573000.0,-4099000.0,58121000.0,72920000.0,1679000.0
CVCO,2018-09-29,False,Q2,2019,10-Q,241530000.0,19381000.0,15576000.0,1.72,1.67,0.0,715215000.0,448708000.0,196728000.0,195488000.0,494748000.0,17808000.0,-3170000.0,-4201000.0,56128000.0,72920000.0,3876000.0
CVCO,2017-09-30,False,Q2,2018,10-Q,200507000.0,8401000.0,6182000.0,0.69,0.67,0.0,649085000.0,387445000.0,172091000.0,136788000.0,412968000.0,7357000.0,-2169000.0,-942000.0,59023000.0,72760000.0,1779000.0
