symbol,end_date,amend,period_focus,fiscal_year,doc_type,revenues,op_income,net_income,eps_basic,eps_diluted,dividend,assets,cur_assets,cur_liab,cash,equity,cash_flow_op,cash_flow_inv,cash_flow_fin,debt,goodwill,cap_ex
CVCY,2018-12-31,False,FY,2018,10-K,2856000.0,,21289000.0,1.55,1.54,0.31,1537836000.0,,,24954000.0,219738000.0,3245000.0,39035000.0,-137602000.0,,53777000.0,791000.0
CVCY,2011-06-30,False,Q2,2011,10-Q,10163000.0,,1674000.0,0.18,0.18,0.0,792929000.0,,,19291000.0,103842000.0,6039000.0,-22192000.0,9023000.0,4000000.0,23577000.0,610000.0
CVCY,2012-03-31,False,Q1,2012,10-Q,9870000.0,,1625000.0,0.17,0.17,0.0,834684000.0,,,20496000.0,110732000.0,-3758000.0,20277000.0,-9423000.0,0.0,23577000.0,659000.0
CVCY,2011-09-30,False,Q3,2011,10-Q,10252000.0,,1206000.0,0.13,0.13,0.0,834908000.0,,,21014000.0,106347000.0,10470000.0,-59539000.0,46143000.0,4000000.0,23577000.0,1024000.0
CVCY,2012-12-31,False,FY,2012,10-K,3003000.0,,7170000.0,0.75,0.75,0.05,890228000.0,,,22405000.0,117665000.0,2745000.0,-36649000.0,37539000.0,,23577000.0,1353000.0
CVCY,2012-06-30,False,Q2,2012,10-Q,9499000.0,,1622000.0,0.17,0.17,0.0,836044000.0,,,18643000.0,113259000.0,-987000.0,13816000.0,-10149000.0,,23577000.0,900000.0
CVCY,2012-09-30,False,Q3,2012,10-Q,10290000.0,,2369000.0,0.25,0.25,0.0,887737000.0,,,21124000.0,117486000.0,16100000.0,-8348000.0,24363000.0,,23577000.0,1142000.0
CVCY,2013-03-31,False,Q1,2013,10-Q,9406000.0,,1696000.0,0.18,0.18,0.05,886359000.0,,,19297000.0,117215000.0,2958000.0,41399000.0,-19235000.0,,23577000.0,311000.0
CVCY,2011-12-31,False,FY,2011,10-K,40575000.0,,5991000.0,0.63,0.63,0.0,849023000.0,,,19409000.0,107482000.0,20584000.0,-129574000.0,52795000.0,4000000.0,23577000.0,1246000.0
CVCY,2014-03-31,False,Q1,2014,10-Q,12397000.0,,2616000.0,0.24,0.24,0.05,1139502000.0,,,28690000.0,126168000.0,3899000.0,-6737000.0,-13683000.0,,29917000.0,415000.0
CVCY,2014-09-30,False,Q3,2014,10-Q,12209000.0,,2351000.0,0.22,0.21,0.05,1164119000.0,,,28059000.0,133013000.0,12524000.0,-72658000.0,3130000.0,,29917000.0,1112000.0
CVCY,2014-06-30,False,Q2,2014,10-Q,12239000.0,,2693000.0,0.25,0.24,0.05,1160688000.0,,,30504000.0,130931000.0,8143000.0,-57308000.0,4008000.0,,29917000.0,739000.0
CVCY,2013-06-30,False,Q2,2013,10-Q,9042000.0,,1199000.0,0.13,0.12,0.05,871372000.0,,,16492000.0,111542000.0,7071000.0,-5199000.0,-17377000.0,,23577000.0,620000.0
CVCY,2013-09-30,False,Q3,2013,10-Q,12716000.0,,2882000.0,0.26,0.26,0.05,1091787000.0,,,32190000.0,126873000.0,11104000.0,4954000.0,13184000.0,,29776000.0,852000.0
CVCY,2013-12-31,False,FY,2013,10-K,18005000.0,,7900000.0,0.77,0.77,0.2,1145635000.0,,,25878000.0,120043000.0,17615000.0,-22315000.0,65824000.0,,29917000.0,1159000.0
CVCY,2015-03-31,False,Q1,2015,10-Q,12668000.0,,2466000.0,0.23,0.22,0.0,1198409000.0,,,27213000.0,134547000.0,5007000.0,325000.0,2711000.0,,29917000.0,178000.0
CVCY,2015-09-30,False,Q3,2015,10-Q,12345000.0,,2517000.0,0.23,0.23,0.06,1233995000.0,,,27148000.0,137453000.0,14291000.0,-50759000.0,34426000.0,,29917000.0,594000.0
CVCY,2015-06-30,False,Q2,2015,10-Q,13424000.0,,3078000.0,0.28,0.28,0.06,1217102000.0,,,22924000.0,133308000.0,8828000.0,-26676000.0,22852000.0,,29917000.0,322000.0
CVCY,2016-09-30,False,Q3,2016,10-Q,13400000.0,,3114000.0,0.28,0.28,0.06,1307775000.0,,,23274000.0,156322000.0,10508000.0,-69518000.0,9471000.0,,29917000.0,608000.0
CVCY,2014-12-31,False,FY,2014,10-K,2353000.0,,5294000.0,0.48,0.48,0.2,1192183000.0,,,21316000.0,131045000.0,2111000.0,-84762000.0,32881000.0,,29917000.0,1328000.0
CVCY,2017-09-30,False,Q3,2017,10-Q,16379000.0,,4494000.0,0.37,0.36,0.06,1423026000.0,,,26195000.0,181232000.0,20715000.0,16124000.0,-39718000.0,,40311000.0,532000.0
CVCY,2017-03-31,False,Q1,2017,10-Q,15836000.0,,4250000.0,0.35,0.35,0.06,1459534000.0,,,24345000.0,170128000.0,7974000.0,12408000.0,10578000.0,,40311000.0,87000.0
CVCY,2015-12-31,False,FY,2015,10-K,2263000.0,,10964000.0,1.0,1.0,0.18,1276736000.0,,,23339000.0,139323000.0,2129000.0,-75431000.0,75202000.0,,29917000.0,741000.0
CVCY,2016-12-31,False,FY,2016,10-K,13014000.0,,15182000.0,1.34,1.33,0.24,1443323000.0,,,28185000.0,164033000.0,12341000.0,-68328000.0,-720000.0,,40231000.0,861000.0
CVCY,2016-03-31,False,Q1,2016,10-Q,13557000.0,,3403000.0,0.31,0.31,0.06,1271543000.0,,,22525000.0,145779000.0,4281000.0,-6942000.0,-13300000.0,,29917000.0,59000.0
CVCY,2016-06-30,False,Q2,2016,10-Q,13980000.0,,6058000.0,0.55,0.55,0.06,1290809000.0,,,21582000.0,156675000.0,7026000.0,-15083000.0,-7008000.0,,29917000.0,123000.0
CVCY,2017-06-30,False,Q2,2017,10-Q,18164000.0,,4948000.0,0.41,0.4,0.06,1444836000.0,,,29943000.0,177167000.0,14404000.0,13599000.0,-11986000.0,,40311000.0,422000.0
CVCY,2018-03-31,False,Q1,2018,10-Q,18501000.0,,5291000.0,0.39,0.38,0.07,1622997000.0,,,26092000.0,207943000.0,6348000.0,-29363000.0,-35145000.0,,53777000.0,457000.0
CVCY,2018-09-30,False,Q3,2018,10-Q,18753000.0,,5752000.0,0.42,0.42,0.08,1519426000.0,,,29748000.0,213435000.0,22243000.0,77007000.0,-152326000.0,,53777000.0,755000.0
CVCY,2018-06-30,False,Q2,2018,10-Q,18479000.0,,4965000.0,0.36,0.36,0.07,1589903000.0,,,29811000.0,211184000.0,20630000.0,-1710000.0,-72673000.0,,53777000.0,649000.0
CVCY,2017-12-31,False,FY,2017,10-K,3137000.0,,14026000.0,1.12,1.1,0.24,1661655000.0,,,38286000.0,209559000.0,2690000.0,46499000.0,-9902000.0,,53777000.0,859000.0
