symbol,end_date,amend,period_focus,fiscal_year,doc_type,revenues,op_income,net_income,eps_basic,eps_diluted,dividend,assets,cur_assets,cur_liab,cash,equity,cash_flow_op,cash_flow_inv,cash_flow_fin,debt,goodwill,cap_ex
CWCO,2012-03-31,False,Q1,2012,10-Q,16728727.0,2433164.0,2342666.0,0.16,0.16,0.075,153221334.0,60826854.0,14504304.0,24995481.0,131850193.0,-1924375.0,-710550.0,-9993773.0,,3587754.0,1103291.0
CWCO,2018-09-30,False,Q3,2018,10-Q,18824188.0,2572694.0,4549287.0,0.3,0.3,0.085,172502559.0,63989679.0,8924050.0,34367483.0,162042755.0,5388005.0,-14784401.0,-3419087.0,,8384248.0,13709598.0
CWCO,2012-06-30,False,Q2,2012,10-Q,16230779.0,1963127.0,1955071.0,0.13,0.13,0.075,146223204.0,55614360.0,6822129.0,30630910.0,132940421.0,5097981.0,6898954.0,-18990204.0,,3587754.0,1629001.0
CWCO,2011-06-30,False,Q2,2011,10-Q,14835872.0,2070326.0,1929662.0,0.13,0.13,0.075,153798352.0,67791347.0,6896002.0,50840459.0,130338431.0,7876913.0,-223797.0,-2942894.0,,3587754.0,2380027.0
CWCO,2011-12-31,False,FY,2011,10-K,55154492.0,5370417.0,6113218.0,0.42,0.42,0.3,160859431.0,67333127.0,23304985.0,37624179.0,130281356.0,8446759.0,-18071499.0,1118682.0,,3587754.0,13957876.0
CWCO,2013-03-31,False,Q1,2013,10-Q,16555197.0,2651571.0,3739771.0,0.26,0.26,0.075,153150993.0,64098776.0,8692206.0,35861899.0,139303565.0,3177771.0,80431.0,-1288958.0,,3499037.0,1129191.0
CWCO,2011-09-30,False,Q3,2011,10-Q,12806652.0,976899.0,1286068.0,0.09,0.09,0.075,155588975.0,63814329.0,8711270.0,49045925.0,130705631.0,14633067.0,-7303082.0,-4414297.0,,3587754.0,10245978.0
CWCO,2012-09-30,False,Q3,2012,10-Q,15840136.0,1145419.0,1302573.0,0.09,0.09,0.075,148094077.0,57984597.0,8583379.0,31644158.0,133471242.0,8443606.0,5933204.0,-20356831.0,,3587754.0,3057839.0
CWCO,2014-03-31,False,Q1,2014,10-Q,16348610.0,627792.0,652103.0,0.04,0.04,0.075,159754195.0,63609617.0,17983463.0,24693011.0,141505905.0,-2126048.0,-466646.0,-6404914.0,,3499037.0,661662.0
CWCO,2013-09-30,False,Q3,2013,10-Q,15438581.0,918034.0,905805.0,0.06,0.06,0.075,164754678.0,66012240.0,19332395.0,30823185.0,141214417.0,8566551.0,-7318480.0,-4124967.0,,3499037.0,2958494.0
CWCO,2012-12-31,False,FY,2012,10-K,65450702.0,6928181.0,9306434.0,0.64,0.64,0.3,150449086.0,61258777.0,8673916.0,33892655.0,136134590.0,11540616.0,6667248.0,-21939388.0,7025353.0,3499037.0,4574173.0
CWCO,2013-12-31,False,FY,2013,10-K,63822131.0,7661576.0,8583297.0,0.59,0.58,0.3,165364854.0,67582915.0,23577089.0,33626516.0,141498373.0,8743534.0,-3175432.0,-5471193.0,5301328.0,3499037.0,4315389.0
CWCO,2013-06-30,False,Q2,2013,10-Q,16569380.0,2802759.0,2850854.0,0.19,0.19,0.075,164289263.0,64497179.0,18214203.0,34855601.0,141389459.0,5448496.0,-1739941.0,-2745609.0,,3499037.0,1918541.0
CWCO,2014-06-30,False,Q2,2014,10-Q,16931832.0,2588885.0,2756554.0,0.19,0.19,0.075,162010694.0,57527750.0,18631619.0,34437295.0,143114248.0,21984871.0,-23488107.0,2315020.0,,3499037.0,2146991.0
CWCO,2015-03-31,False,Q1,2015,10-Q,726000.0,2255336.0,1918498.0,0.13,0.13,0.075,160033680.0,60678202.0,14606696.0,36754928.0,145202157.0,2479647.0,-99007.0,-1460709.0,,3499037.0,520756.0
CWCO,2014-09-30,False,Q3,2014,10-Q,17021056.0,1715359.0,1879915.0,0.13,0.13,0.075,160378971.0,57363555.0,16131134.0,33582329.0,144020075.0,22735534.0,-23449203.0,707595.0,,3499037.0,2776205.0
CWCO,2015-12-31,False,FY,2015,10-K,5800000.0,8468064.0,7506673.0,0.51,0.51,0.3,161616698.0,65430730.0,13196766.0,44792734.0,148195105.0,17319786.0,-2057349.0,-6180139.0,7000000.0,3499037.0,3113565.0
CWCO,2015-09-30,False,Q3,2015,10-Q,1500000.0,2153776.0,1772563.0,0.12,0.12,0.075,161152322.0,63794971.0,13631484.0,40766125.0,147296011.0,11703961.0,-1884177.0,-4762958.0,,3499037.0,2498275.0
CWCO,2014-12-31,False,FY,2014,10-K,65559078.0,6461059.0,6253873.0,0.43,0.42,0.3,160459831.0,59460082.0,16152340.0,35713689.0,144082664.0,19277670.0,-16343913.0,-845026.0,9000000.0,3499037.0,4716769.0
CWCO,2015-06-30,False,Q2,2015,10-Q,801000.0,2303720.0,2224682.0,0.15,0.15,0.075,160058755.0,61700079.0,13424232.0,39322529.0,146409696.0,8162901.0,-1342486.0,-3188367.0,,3499037.0,1513694.0
CWCO,2016-03-31,False,Q1,2016,10-Q,1300000.0,1716045.0,2051791.0,0.14,0.14,0.075,171323219.0,59943057.0,12215175.0,35550623.0,156122188.0,-356645.0,-7809781.0,-1076332.0,,11534248.0,954671.0
CWCO,2016-09-30,False,Q3,2016,10-Q,1300000.0,-2359356.0,-1868012.0,-0.13,-0.13,0.075,163289523.0,59119374.0,6971552.0,37092112.0,153373706.0,4516088.0,-2358163.0,-9859353.0,,9784248.0,2569066.0
CWCO,2017-03-31,False,Q1,2017,10-Q,15677106.0,2036376.0,2628586.0,0.18,0.18,0.075,167183123.0,65787821.0,8956142.0,36532545.0,155711610.0,-1855742.0,-140718.0,-725111.0,,9784248.0,1766007.0
CWCO,2017-06-30,False,Q2,2017,10-Q,15248621.0,1525660.0,621166.0,0.04,0.04,0.075,165794147.0,66483919.0,7912030.0,45950954.0,155490193.0,9583040.0,-430583.0,-2327717.0,,9784248.0,2551511.0
CWCO,2017-09-30,False,Q3,2017,10-Q,16572203.0,833003.0,1158591.0,0.08,0.08,0.075,165840457.0,67757715.0,7208526.0,46976764.0,155968975.0,11727551.0,-564217.0,-3440686.0,,9784248.0,3016713.0
CWCO,2016-06-30,False,Q2,2016,10-Q,1400000.0,1656605.0,2200943.0,0.15,0.15,0.075,165802008.0,56593448.0,5735559.0,37081272.0,157300986.0,2695699.0,-1630213.0,-8777586.0,,11534248.0,1356454.0
CWCO,2016-12-31,False,FY,2016,10-K,57875707.0,1823302.0,3948938.0,0.27,0.27,0.3,163604528.0,60875792.0,6679088.0,39254116.0,154105372.0,7823352.0,-2779538.0,-10583238.0,490000.0,9784248.0,3462150.0
CWCO,2017-12-31,False,FY,2017,10-K,62306665.0,3321363.0,6132644.0,0.41,0.41,0.31,165480895.0,66691397.0,7631318.0,47182966.0,156021377.0,13644294.0,-1443577.0,-4271867.0,,8384248.0,4576717.0
CWCO,2018-06-30,False,Q2,2018,10-Q,15872215.0,2040709.0,2184705.0,0.15,0.14,0.085,167300824.0,63129502.0,7422668.0,34092347.0,158266932.0,-2105154.0,-8052547.0,-2932918.0,,8384248.0,8727473.0
CWCO,2018-03-31,False,Q1,2018,10-Q,15336395.0,1835734.0,2090047.0,0.14,0.14,0.085,165913895.0,65839046.0,7216369.0,43680866.0,156965343.0,679081.0,-2516639.0,-1664542.0,,8384248.0,2869484.0
