symbol,end_date,amend,period_focus,fiscal_year,doc_type,revenues,op_income,net_income,eps_basic,eps_diluted,dividend,assets,cur_assets,cur_liab,cash,equity,cash_flow_op,cash_flow_inv,cash_flow_fin,debt,goodwill,cap_ex
CYTR,2018-09-30,False,Q3,2018,10-Q,250000.0,-3020708.0,-3291044.0,-0.1,-0.1,0.0,32766179.0,31901565.0,,24668339.0,22350163.0,-7718126.0,-11478.0,-5245461.0,,183780.0,11478.0
CYTR,2011-06-30,False,Q2,2011,10-Q,150000.0,-3763254.0,-3120075.0,-0.03,-0.03,0.0,29189012.0,28495630.0,6823342.0,7023176.0,22365670.0,-7705373.0,8404119.0,0.0,,183780.0,25725.0
CYTR,2011-09-30,False,Q3,2011,10-Q,0.0,-4959246.0,-557766.0,0.0,0.0,0.0,44867994.0,44284671.0,16328814.0,30387583.0,28539180.0,-11277329.0,16397363.0,18943119.0,,183780.0,51429.0
CYTR,2011-12-31,False,FY,2011,10-K,250000.0,-22653987.0,-14424545.0,-0.11,-0.11,0.0,37854423.0,37281040.0,13600353.0,17988590.0,24254070.0,-16671383.0,9395924.0,18939619.0,,183780.0,52868.0
CYTR,2012-03-31,False,Q1,2012,10-Q,0.0,-6316230.0,-10134879.0,-0.07,-0.07,0.0,33380659.0,32799881.0,18939853.0,16916696.0,14440806.0,-4032329.0,2960435.0,,,183780.0,29467.0
CYTR,2013-03-31,False,Q1,2013,10-Q,0.0,-5006084.0,-6864109.0,-0.23,-0.23,0.0,34518202.0,34005176.0,10908462.0,11429671.0,23609740.0,-5911973.0,2997556.0,,,183780.0,2444.0
CYTR,2012-06-30,False,Q2,2012,10-Q,0.0,-4778321.0,-13262475.0,-0.63,-0.63,0.0,28513332.0,27888529.0,26790479.0,11859009.0,1722853.0,-9078704.0,2941923.0,7200.0,,183780.0,47979.0
CYTR,2012-12-31,False,FY,2012,10-K,100000.0,-21052059.0,-17963873.0,-0.78,-0.78,0.0,40231776.0,39692448.0,10065935.0,14344088.0,30165841.0,-19044650.0,-6083967.0,21484115.0,,183780.0,141639.0
CYTR,2012-09-30,False,Q3,2012,10-Q,0.0,-4887549.0,1584197.0,0.07,0.07,0.0,24358790.0,23762225.0,20601016.0,12453637.0,3757774.0,-13474865.0,7932712.0,7200.0,,183780.0,124960.0
CYTR,2014-03-31,False,Q1,2014,10-Q,0.0,-10118922.0,4664518.0,0.09,0.08,0.0,114838489.0,114398743.0,16797990.0,62028328.0,98040499.0,-6912553.0,-23506623.0,80964392.0,,183780.0,6623.0
CYTR,2013-09-30,False,Q3,2013,10-Q,0.0,-6001084.0,-9980005.0,-0.33,-0.33,0.0,24467010.0,23991724.0,13325029.0,6036220.0,11141981.0,-15207552.0,6977726.0,-78042.0,,183780.0,22274.0
CYTR,2014-06-30,False,Q2,2014,10-Q,0.0,-13337004.0,-15719473.0,-0.28,-0.28,0.0,105581846.0,105037333.0,22499986.0,51866891.0,83081860.0,-17043354.0,-23537259.0,80964392.0,,183780.0,20733.0
CYTR,2013-06-30,False,Q2,2013,10-Q,200000.0,-6397174.0,-3423142.0,-0.11,-0.11,0.0,29315098.0,28829467.0,8729407.0,10980486.0,20585691.0,-10360535.0,6996000.0,933.0,,183780.0,4000.0
CYTR,2013-12-31,False,FY,2013,10-K,300000.0,-27594444.0,-47485437.0,-1.44,-1.44,0.0,41500055.0,41023825.0,30838688.0,11483112.0,10661367.0,-23750983.0,-3126789.0,24016796.0,,183780.0,41809.0
CYTR,2015-09-30,False,Q3,2015,10-Q,0.0,-10659248.0,-7073352.0,0.11,0.11,0.0,76746057.0,73938747.0,13229213.0,55779620.0,63516844.0,-34083022.0,30273668.0,27370069.0,,183780.0,325471.0
CYTR,2016-03-31,False,Q1,2016,10-Q,0.0,-12109739.0,-12643112.0,-0.19,-0.19,0.0,75339649.0,72790103.0,18849860.0,68162754.0,33578452.0,-13091009.0,34797313.0,24195078.0,,183780.0,238107.0
CYTR,2015-06-30,False,Q2,2015,10-Q,0.0,-14200073.0,-11687093.0,0.21,0.21,0.0,62633809.0,60001477.0,20271281.0,38833736.0,42362528.0,-23935255.0,30550086.0,0.0,,183780.0,69294.0
CYTR,2015-03-31,False,Q1,2015,10-Q,0.0,-15693977.0,-17524550.0,-0.31,-0.31,0.0,73766297.0,71313707.0,21994491.0,28052543.0,51771806.0,-12626748.0,8460386.0,0.0,,183780.0,59701.0
CYTR,2014-09-30,False,Q3,2014,10-Q,0.0,-13050811.0,-5625248.0,-0.1,-0.1,0.0,96808030.0,95680258.0,18614835.0,39412296.0,78193195.0,-28765194.0,-24126690.0,80821068.0,,183780.0,590077.0
CYTR,2017-09-30,False,Q3,2017,10-Q,6924353.0,-8173999.0,-5124419.0,-0.19,-0.19,0.0,49849375.0,48452455.0,28375083.0,45995642.0,21474292.0,-19858490.0,-134598.0,9029245.0,,183780.0,134598.0
CYTR,2015-12-31,False,FY,2015,10-K,100000.0,-63278127.0,-58587190.0,-0.97,-0.97,0.0,67024438.0,64292105.0,22945440.0,22261372.0,44078998.0,-47582447.0,10254845.0,27370069.0,,183780.0,331328.0
CYTR,2017-06-30,False,Q2,2017,10-Q,0.0,-9304082.0,-14358297.0,-0.1,-0.1,0.0,58347991.0,56802618.0,23320282.0,54972846.0,19214202.0,-16142502.0,-134598.0,14290461.0,,183780.0,134598.0
CYTR,2017-03-31,False,Q1,2017,10-Q,0.0,-9751639.0,-11044104.0,-0.1,-0.1,0.0,52887074.0,50756126.0,20638624.0,48003315.0,14662337.0,-8238954.0,-103051.0,-614165.0,,183780.0,103051.0
CYTR,2016-09-30,False,Q3,2016,10-Q,0.0,-11698769.0,-12175450.0,-0.13,-0.13,0.0,63908009.0,61603189.0,20113562.0,58875925.0,23596455.0,-40486205.0,34074199.0,43026559.0,,183780.0,961221.0
CYTR,2016-06-30,False,Q2,2016,10-Q,100000.0,-18481244.0,-18280223.0,-0.27,-0.27,0.0,60334468.0,57474969.0,15105258.0,55913199.0,23358998.0,-25439613.0,34374662.0,24716778.0,,183780.0,660758.0
CYTR,2014-12-31,False,FY,2014,10-K,100000.0,-49605864.0,-30117980.0,-0.55,-0.55,0.0,85692582.0,83214773.0,17781119.0,32218905.0,67911463.0,-40555807.0,-19492899.0,80784499.0,,183780.0,956286.0
CYTR,2018-03-31,False,Q1,2018,10-Q,0.0,-3919365.0,-4075574.0,-0.15,-0.15,0.0,43127483.0,42001735.0,,35097042.0,21252742.0,-1505591.0,0.0,-1040771.0,,183780.0,0.0
CYTR,2018-06-30,False,Q2,2018,10-Q,,-2508182.0,-3009588.0,-0.1,-0.1,0.0,43803719.0,42805013.0,,36426292.0,25208504.0,-5617728.0,-9194.0,4409810.0,,183780.0,9194.0
CYTR,2016-12-31,False,FY,2016,10-K,200000.0,-52257632.0,-50771221.0,-0.63,-0.63,0.0,62769784.0,60577426.0,19507990.0,56959485.0,24777284.0,-49850352.0,34014979.0,50533486.0,25000000.0,183780.0,1020441.0
CYTR,2017-12-31,False,FY,2017,10-K,6924353.0,-32871460.0,-34986432.0,-1.46,-1.46,0.0,48347519.0,47086513.0,30202464.0,37643404.0,18145055.0,-27197568.0,-134598.0,8016085.0,,183780.0,134598.0
