symbol,end_date,amend,period_focus,fiscal_year,doc_type,revenues,op_income,net_income,eps_basic,eps_diluted,dividend,assets,cur_assets,cur_liab,cash,equity,cash_flow_op,cash_flow_inv,cash_flow_fin,debt,goodwill,cap_ex
CZR,2012-03-31,False,Q1,2012,10-Q,2271900000.0,75500000.0,-280600000.0,-2.24,-2.24,0.0,28409700000.0,2103000000.0,1789000000.0,1134900000.0,849200000.0,159400000.0,-15000000.0,85900000.0,,3464800000.0,82900000.0
CZR,2012-06-30,False,Q2,2012,10-Q,2165700000.0,81800000.0,-241700000.0,-2.04,-2.04,0.0,28038200000.0,1969000000.0,1673800000.0,985100000.0,607200000.0,71700000.0,-100400000.0,92500000.0,19943600000.0,3360400000.0,192200000.0
CZR,2012-09-30,False,Q3,2012,10-Q,2198400000.0,-220600000.0,-505500000.0,-4.05,-4.05,0.0,28342900000.0,2879800000.0,2625300000.0,1189400000.0,114700000.0,258300000.0,-843000000.0,850000000.0,20758500000.0,3100800000.0,304000000.0
CZR,2011-06-30,False,Q2,2011,10-Q,2229100000.0,252100000.0,-155500000.0,-2.17,-2.17,0.0,28962800000.0,1966700000.0,1628500000.0,1037800000.0,1394500000.0,112400000.0,-750300000.0,688700000.0,,3468300000.0,91700000.0
CZR,2011-09-30,False,Q3,2011,10-Q,2254000000.0,198200000.0,-164000000.0,-2.28,-2.28,0.0,28866100000.0,2027700000.0,1791900000.0,1150700000.0,1205900000.0,314900000.0,-835400000.0,684200000.0,,3473000000.0,164900000.0
CZR,2011-12-31,False,FY,2011,10-K,8834500000.0,875500000.0,-687600000.0,-5.5,-5.5,0.0,28515600000.0,1837200000.0,1602800000.0,904600000.0,1053400000.0,123100000.0,-1017000000.0,811500000.0,,3464800000.0,283200000.0
CZR,2012-12-31,False,FY,2012,10-K,8586700000.0,-313400000.0,-1497500000.0,-11.08,-11.08,0.0,27998100000.0,3493600000.0,2588300000.0,1757500000.0,-331600000.0,26500000.0,-1224900000.0,1472600000.0,21412100000.0,3160300000.0,507700000.0
CZR,2013-03-31,False,Q1,2013,10-Q,2143200000.0,141800000.0,-217600000.0,-1.41,-1.41,0.0,27475000000.0,3131100000.0,1904000000.0,2095400000.0,-560000000.0,-47300000.0,657800000.0,-273600000.0,21277100000.0,3165800000.0,148100000.0
CZR,2013-09-30,False,Q3,2013,10-Q,2180000000.0,-637500000.0,-761400000.0,-6.12,-6.12,0.0,26096400000.0,2724200000.0,2097500000.0,1707900000.0,-1496800000.0,-11000000.0,225100000.0,-329900000.0,21340200000.0,3019500000.0,466700000.0
CZR,2013-06-30,False,Q2,2013,10-Q,2158200000.0,125300000.0,-212200000.0,-1.69,-1.69,0.0,26844800000.0,2765600000.0,1931800000.0,1810700000.0,-738100000.0,-57000000.0,573500000.0,-463600000.0,21071300000.0,3152800000.0,320300000.0
CZR,2014-06-30,False,Q2,2014,10-Q,2185500000.0,106300000.0,-466400000.0,-3.06,-3.06,0.0,27069400000.0,4431500000.0,2714900000.0,3429600000.0,-2578400000.0,-386800000.0,-2043800000.0,3096600000.0,24357800000.0,3062100000.0,535600000.0
CZR,2014-03-31,False,Q1,2014,10-Q,2101300000.0,71300000.0,-386400000.0,-2.7,-2.7,0.0,24376700000.0,3406800000.0,2840800000.0,2483400000.0,-2276800000.0,-93800000.0,-163900000.0,-29400000.0,21191500000.0,3077400000.0,240500000.0
CZR,2014-09-30,False,Q3,2014,10-Q,2212400000.0,-327800000.0,-908100000.0,-5.96,-5.96,0.0,24491500000.0,4161800000.0,2798500000.0,3182400000.0,-3714400000.0,-422000000.0,-472700000.0,1366600000.0,23029500000.0,2772700000.0,817200000.0
CZR,2016-03-31,False,Q1,2016,10-Q,1168000000.0,154000000.0,-308000000.0,-2.12,-2.12,0.0,12140000000.0,1894000000.0,2216000000.0,1444000000.0,1946000000.0,117000000.0,69000000.0,-80000000.0,6920000000.0,1696000000.0,50000000.0
CZR,2015-06-30,False,Q2,2015,10-Q,1141000000.0,186000000.0,15000000.0,0.1,0.1,0.0,12503000000.0,2022000000.0,1250000000.0,1579000000.0,3008000000.0,101000000.0,-1174000000.0,-147000000.0,7024000000.0,1693000000.0,227000000.0
CZR,2015-09-30,False,Q3,2015,10-Q,1141000000.0,139000000.0,-791000000.0,-5.44,-5.44,0.0,12652000000.0,2219000000.0,2218000000.0,1609000000.0,2259000000.0,250000000.0,-1226000000.0,-214000000.0,6977000000.0,1696000000.0,285000000.0
CZR,2014-12-31,False,FY,2014,10-K,8516000000.0,-452000000.0,-2783000000.0,-18.18,-18.18,0.0,23535000000.0,3673000000.0,18280000000.0,2806000000.0,-4742000000.0,-735000000.0,-689000000.0,1514000000.0,23213000000.0,2366000000.0,998000000.0
CZR,2015-03-31,False,Q1,2015,10-Q,1253000000.0,144000000.0,6772000000.0,46.81,46.12,0.0,12537000000.0,2023000000.0,1135000000.0,1555000000.0,2931000000.0,-102000000.0,-1024000000.0,-118000000.0,7062000000.0,1693000000.0,100000000.0
CZR,2016-06-30,False,Q2,2016,10-Q,1230000000.0,164000000.0,-2077000000.0,-14.25,-14.25,0.0,12117000000.0,1948000000.0,4181000000.0,1525000000.0,-96000000.0,366000000.0,16000000.0,-195000000.0,6834000000.0,1696000000.0,106000000.0
CZR,2013-12-31,False,FY,2013,10-K,8559700000.0,-2234600000.0,-2948200000.0,-22.7,-22.7,0.0,24688900000.0,3770300000.0,2530800000.0,2771200000.0,-1903800000.0,-109400000.0,64800000.0,651100000.0,21115500000.0,3063300000.0,726300000.0
CZR,2016-09-30,False,Q3,2016,10-Q,986000000.0,-44000000.0,-643000000.0,-4.38,-4.38,0.0,15351000000.0,5399000000.0,7733000000.0,1669000000.0,-971000000.0,454000000.0,-3391000000.0,-1285000000.0,6806000000.0,1608000000.0,147000000.0
CZR,2017-09-30,False,Q3,2017,10-Q,986000000.0,86000000.0,-468000000.0,-3.14,-3.14,0.0,14353000000.0,4738000000.0,9837000000.0,1515000000.0,-3815000000.0,283000000.0,-295000000.0,-205000000.0,6477000000.0,1608000000.0,245000000.0
CZR,2015-12-31,False,FY,2015,10-K,4654000000.0,573000000.0,5920000000.0,40.88,40.26,0.0,12195000000.0,1771000000.0,2006000000.0,1338000000.0,2233000000.0,120000000.0,-1333000000.0,-248000000.0,6964000000.0,1696000000.0,350000000.0
CZR,2018-03-31,False,Q1,2018,10-Q,1972000000.0,125000000.0,-34000000.0,-0.05,-0.05,0.0,25151000000.0,3323000000.0,1697000000.0,2485000000.0,3302000000.0,22000000.0,-83000000.0,-6000000.0,8901000000.0,3817000000.0,85000000.0
CZR,2016-12-31,False,FY,2016,10-K,3877000000.0,257000000.0,-3569000000.0,-24.41,-24.41,0.0,14894000000.0,4988000000.0,7748000000.0,1513000000.0,-1418000000.0,308000000.0,-121000000.0,-1533000000.0,6838000000.0,1608000000.0,220000000.0
CZR,2018-06-30,False,Q2,2018,10-Q,2119000000.0,282000000.0,29000000.0,0.04,0.04,0.0,25154000000.0,3477000000.0,1753000000.0,2687000000.0,3306000000.0,404000000.0,-203000000.0,-62000000.0,8886000000.0,3814000000.0,215000000.0
CZR,2017-06-30,False,Q2,2017,10-Q,1002000000.0,157000000.0,-1442000000.0,-9.68,-9.68,0.0,14793000000.0,4858000000.0,9488000000.0,1515000000.0,-3357000000.0,220000000.0,-156000000.0,-103000000.0,6792000000.0,1608000000.0,164000000.0
CZR,2017-12-31,False,FY,2017,10-K,4852000000.0,532000000.0,-375000000.0,-1.35,-1.35,0.0,25512000000.0,3459000000.0,1888000000.0,2558000000.0,3296000000.0,-2323000000.0,-55000000.0,429000000.0,8913000000.0,3815000000.0,598000000.0
CZR,2017-03-31,False,Q1,2017,10-Q,963000000.0,158000000.0,-546000000.0,-3.71,-3.71,0.0,14812000000.0,4842000000.0,8108000000.0,1454000000.0,-1926000000.0,125000000.0,-83000000.0,-73000000.0,6789000000.0,1608000000.0,72000000.0
