symbol,end_date,amend,period_focus,fiscal_year,doc_type,revenues,op_income,net_income,eps_basic,eps_diluted,dividend,assets,cur_assets,cur_liab,cash,equity,cash_flow_op,cash_flow_inv,cash_flow_fin,debt,goodwill,cap_ex
DAKT,2012-01-28,False,Q3,2012,10-Q,122925000.0,1844000.0,1666000.0,0.04,0.04,0.51,305202000.0,217009000.0,100829000.0,28552000.0,190385000.0,8393000.0,-9508000.0,-24707000.0,,3327000.0,12633000.0
DAKT,2019-01-26,False,Q3,2019,10-Q,115069000.0,-7522000.0,-3319000.0,-0.07,-0.07,0.07,358752000.0,264604000.0,129022000.0,33281000.0,201151000.0,32187000.0,-19926000.0,-8771000.0,,7968000.0,14081000.0
DAKT,2011-10-29,False,Q2,2012,10-Q,135910000.0,5936000.0,3959000.0,0.09,0.09,0.0,339480000.0,252369000.0,116465000.0,63460000.0,208462000.0,21475000.0,-8853000.0,-3466000.0,,3332000.0,6236000.0
DAKT,2011-07-30,False,Q1,2012,10-Q,118698000.0,5116000.0,3368000.0,0.08,0.08,0.11,329188000.0,239123000.0,111066000.0,56313000.0,203737000.0,11640000.0,-5656000.0,-4056000.0,,3380000.0,2903000.0
DAKT,2012-04-28,False,FY,2012,10-K,489526000.0,10275000.0,8489000.0,0.2,0.2,0.62,315967000.0,229006000.0,109173000.0,29423000.0,190805000.0,20038000.0,-18753000.0,-26284000.0,,3347000.0,16524000.0
DAKT,2013-07-27,False,Q1,2014,10-Q,138722000.0,8596000.0,5720000.0,0.13,0.13,0.12,336890000.0,252533000.0,126734000.0,22122000.0,190656000.0,-4618000.0,-5959000.0,-8175000.0,,4613000.0,4042000.0
DAKT,2013-01-26,False,Q3,2013,10-Q,111050000.0,1069000.0,2710000.0,0.06,0.06,0.615,306585000.0,226149000.0,103438000.0,24504000.0,185674000.0,33255000.0,-7105000.0,-31112000.0,,3328000.0,6799000.0
DAKT,2012-10-27,False,Q2,2013,10-Q,149871000.0,16861000.0,11547000.0,0.27,0.27,0.0,341960000.0,259886000.0,117487000.0,53094000.0,206990000.0,34042000.0,-5048000.0,-5362000.0,,3336000.0,4331000.0
DAKT,2012-07-28,False,Q1,2013,10-Q,132919000.0,10708000.0,6678000.0,0.16,0.16,0.115,333552000.0,248688000.0,122546000.0,38840000.0,193951000.0,16508000.0,-1209000.0,-5754000.0,,3316000.0,1443000.0
DAKT,2013-10-26,False,Q2,2014,10-Q,161639000.0,17565000.0,11790000.0,0.28,0.27,0.09,347633000.0,266246000.0,125180000.0,52236000.0,201448000.0,30626000.0,-8914000.0,-10410000.0,,4682000.0,6285000.0
DAKT,2013-04-27,False,FY,2013,10-K,518322000.0,30600000.0,22779000.0,0.54,0.53,0.73,319418000.0,240148000.0,114692000.0,40628000.0,188246000.0,50749000.0,-8531000.0,-31002000.0,,3306000.0,9674000.0
DAKT,2014-01-25,False,Q3,2014,10-Q,115369000.0,3567000.0,2871000.0,0.07,0.07,0.09,341969000.0,261339000.0,117092000.0,55914000.0,203977000.0,39243000.0,-11969000.0,-11777000.0,,4548000.0,9421000.0
DAKT,2014-08-02,False,Q1,2015,10-Q,166618000.0,13617000.0,8745000.0,0.2,0.2,0.1,375172000.0,288868000.0,143122000.0,60058000.0,209175000.0,24461000.0,-5340000.0,-4146000.0,,4506000.0,8146000.0
DAKT,2015-08-01,False,Q1,2016,10-Q,150221000.0,6099000.0,3776000.0,0.09,0.09,0.1,373175000.0,280578000.0,135414000.0,35269000.0,212221000.0,-10082000.0,-7789000.0,-3819000.0,,5385000.0,7232000.0
DAKT,2015-10-31,False,Q2,2016,10-Q,157668000.0,5597000.0,3168000.0,0.07,0.07,0.1,358438000.0,268265000.0,121603000.0,27460000.0,211347000.0,-9224000.0,-11969000.0,-8190000.0,,5371000.0,10491000.0
DAKT,2014-04-26,False,FY,2014,10-K,551970000.0,36557000.0,22206000.0,0.52,0.51,0.39,357451000.0,274240000.0,133708000.0,45054000.0,203119000.0,36199000.0,-16358000.0,-15321000.0,,4558000.0,13519000.0
DAKT,2016-07-30,False,Q1,2017,10-Q,157146000.0,7982000.0,5539000.0,0.13,0.13,0.07,366509000.0,265079000.0,137795000.0,29778000.0,200146000.0,6598000.0,2369000.0,-7134000.0,,7894000.0,2157000.0
DAKT,2014-11-01,False,Q2,2015,10-Q,173115000.0,12242000.0,7737000.0,0.18,0.18,0.1,385556000.0,296287000.0,148400000.0,57435000.0,214014000.0,36334000.0,-14748000.0,-8774000.0,,5441000.0,12699000.0
DAKT,2015-01-31,False,Q3,2015,10-Q,118123000.0,-1585000.0,561000.0,0.01,0.01,0.1,357605000.0,271706000.0,124644000.0,41751000.0,210874000.0,27317000.0,-17931000.0,-11784000.0,,5254000.0,15328000.0
DAKT,2016-04-30,False,FY,2016,10-K,570168000.0,2495000.0,2061000.0,0.05,0.05,0.4,349948000.0,245231000.0,121517000.0,28328000.0,201067000.0,13275000.0,-23818000.0,-17448000.0,3872000.0,8116000.0,17056000.0
DAKT,2016-10-29,False,Q2,2017,10-Q,169992000.0,12666000.0,9021000.0,0.21,0.2,0.07,357709000.0,260391000.0,122875000.0,34045000.0,206247000.0,15006000.0,1630000.0,-10328000.0,,7712000.0,4625000.0
DAKT,2016-01-30,False,Q3,2016,10-Q,123816000.0,-5546000.0,-1953000.0,-0.04,-0.04,0.1,348138000.0,259803000.0,115504000.0,31677000.0,205971000.0,2193000.0,-14288000.0,-12592000.0,,5316000.0,13389000.0
DAKT,2017-07-29,False,Q1,2018,10-Q,172728000.0,11725000.0,8429000.0,0.19,0.19,0.07,379896000.0,282928000.0,145722000.0,26868000.0,206399000.0,-4913000.0,3007000.0,-3901000.0,,8271000.0,4092000.0
DAKT,2015-05-02,False,FY,2015,10-K,615942000.0,31285000.0,20882000.0,0.48,0.47,0.4,379479000.0,291095000.0,142020000.0,57284000.0,212039000.0,53168000.0,-24227000.0,-16070000.0,10960000.0,5269000.0,21837000.0
DAKT,2017-01-28,False,Q3,2017,10-Q,115719000.0,-6934000.0,-5127000.0,-0.12,-0.12,0.07,348106000.0,251832000.0,120181000.0,48377000.0,199714000.0,45379000.0,-11421000.0,-13229000.0,,7866000.0,6709000.0
DAKT,2018-01-27,False,Q3,2018,10-Q,130316000.0,-3338000.0,-6189000.0,-0.14,-0.14,0.07,356026000.0,264269000.0,121328000.0,49042000.0,204415000.0,26953000.0,-1245000.0,-10144000.0,,8469000.0,10865000.0
DAKT,2017-04-29,False,FY,2017,10-K,586539000.0,15421000.0,10342000.0,0.23,0.23,0.31,355433000.0,257725000.0,130595000.0,32623000.0,198286000.0,39389000.0,-18180000.0,-16323000.0,6377000.0,7812000.0,8502000.0
DAKT,2017-10-28,False,Q2,2018,10-Q,169309000.0,9438000.0,7132000.0,0.16,0.16,0.07,379197000.0,283225000.0,139007000.0,39699000.0,211039000.0,9338000.0,4460000.0,-7024000.0,,8190000.0,7735000.0
DAKT,2018-10-27,False,Q2,2019,10-Q,172692000.0,9019000.0,8606000.0,0.19,0.19,0.07,373686000.0,275152000.0,138066000.0,35557000.0,204737000.0,22557000.0,-9930000.0,-6872000.0,,8053000.0,9833000.0
DAKT,2018-07-28,False,Q1,2019,10-Q,154188000.0,4040000.0,4574000.0,0.1,0.1,0.07,376220000.0,279348000.0,146414000.0,15915000.0,199446000.0,-10260000.0,-102000.0,-3522000.0,,8115000.0,4727000.0
DAKT,2018-04-28,False,FY,2018,10-K,610530000.0,12460000.0,5562000.0,0.13,0.12,0.28,358800000.0,264133000.0,131308000.0,29727000.0,197616000.0,30361000.0,-19563000.0,-13262000.0,6495000.0,8264000.0,18127000.0
