symbol,end_date,amend,period_focus,fiscal_year,doc_type,revenues,op_income,net_income,eps_basic,eps_diluted,dividend,assets,cur_assets,cur_liab,cash,equity,cash_flow_op,cash_flow_inv,cash_flow_fin,debt,goodwill,cap_ex
DBD,2010-06-30,False,Q2,2010,10-Q,665180000.0,46855000.0,29731000.0,0.45,0.45,0.0,2441917000.0,1515054000.0,673962000.0,231619000.0,1046818000.0,-16047000.0,-18349000.0,-49348000.0,,419082000.0,26916000.0
DBD,2011-06-30,False,Q2,2011,10-Q,662382000.0,25102000.0,20804000.0,0.32,0.32,0.0,2596598000.0,1790431000.0,808385000.0,278740000.0,982486000.0,-99974000.0,12791000.0,31064000.0,,278292000.0,23687000.0
DBD,2011-03-31,False,Q1,2011,10-Q,614157000.0,8869000.0,2501000.0,0.04,0.04,0.0,2531537000.0,1721231000.0,788077000.0,279562000.0,977284000.0,-90151000.0,2197000.0,35958000.0,,272394000.0,10902000.0
DBD,2011-09-30,False,Q3,2011,10-Q,709322000.0,54412000.0,41755000.0,0.66,0.65,0.0,2465019000.0,1698697000.0,786161000.0,256814000.0,858383000.0,-54664000.0,4346000.0,-23575000.0,,254614000.0,38456000.0
DBD,2010-09-30,False,Q3,2010,10-Q,748620000.0,52379000.0,46105000.0,0.7,0.69,0.0,2590342000.0,1613095000.0,678420000.0,239823000.0,1133521000.0,51073000.0,-85531000.0,-51569000.0,,447376000.0,37991000.0
DBD,2012-03-31,False,Q1,2012,10-Q,698491000.0,54644000.0,45163000.0,0.72,0.71,0.0,2631392000.0,1835897000.0,867323000.0,311437000.0,925003000.0,-26021000.0,-19783000.0,18540000.0,,257374000.0,6692000.0
DBD,2010-12-31,False,FY,2010,10-K,2823793000.0,-1802000.0,-20252000.0,-0.31,-0.31,0.0,2519790000.0,1714036000.0,809765000.0,328658000.0,989814000.0,273353000.0,-164756000.0,-111100000.0,,269398000.0,51298000.0
DBD,2011-12-31,False,FY,2011,10-K,2835848000.0,155594000.0,144815000.0,2.25,2.24,1.12,2517443000.0,1732355000.0,824217000.0,333920000.0,858260000.0,215397000.0,-90706000.0,-123535000.0,,253063000.0,21386000.0
DBD,2013-03-31,False,Q1,2013,10-Q,633511000.0,-13916000.0,-13446000.0,-0.21,-0.21,0.0,2629533000.0,1831842000.0,874745000.0,340143000.0,834395000.0,-31730000.0,329000.0,6521000.0,,271980000.0,4039000.0
DBD,2012-09-30,False,Q3,2012,10-Q,709919000.0,22658000.0,17434000.0,0.28,0.27,0.0,2595754000.0,1788070000.0,821433000.0,302550000.0,893478000.0,-28756000.0,-58450000.0,52948000.0,,271911000.0,9105000.0
DBD,2012-06-30,False,Q2,2012,10-Q,743188000.0,39893000.0,26502000.0,0.42,0.41,0.0,2569329000.0,1800998000.0,840401000.0,320541000.0,882761000.0,-33970000.0,-21619000.0,40760000.0,,245163000.0,4549000.0
DBD,2018-12-31,False,FY,2018,10-K,4578600000.0,-362900000.0,-568700000.0,-7.48,-7.48,0.1,4311900000.0,2203400000.0,1568400000.0,458400000.0,-159600000.0,-104100000.0,34400000.0,10900000.0,125000000.0,827100000.0,29900000.0
DBD,2012-12-31,False,FY,2012,10-K,2991693000.0,124712000.0,78454000.0,1.24,1.23,1.14,2592987000.0,1814857000.0,838855000.0,368792000.0,845311000.0,135508000.0,-72831000.0,-36227000.0,,272951000.0,13077000.0
DBD,2013-06-30,False,Q2,2013,10-Q,707113000.0,-23622000.0,-105035000.0,-1.65,-1.65,0.0,2526068000.0,1811107000.0,963851000.0,282569000.0,653087000.0,-63425000.0,-17438000.0,-1235000.0,,257296000.0,6981000.0
DBD,2014-09-30,False,Q3,2014,10-Q,768031000.0,46719000.0,33020000.0,0.51,0.51,0.0,2458422000.0,1787726000.0,1077387000.0,240433000.0,641302000.0,-110735000.0,64986000.0,69427000.0,315013000.0,176566000.0,13828000.0
DBD,2013-09-30,False,Q3,2013,10-Q,705424000.0,-30253000.0,-21690000.0,-0.34,-0.34,0.0,2299737000.0,1706233000.0,899901000.0,205921000.0,677658000.0,-59042000.0,13694000.0,-117409000.0,,182862000.0,10006000.0
DBD,2015-03-31,False,Q1,2015,10-Q,655500000.0,3600000.0,-2800000.0,-0.04,-0.04,0.29,2314400000.0,1599300000.0,1025200000.0,227100000.0,472800000.0,-62200000.0,-70100000.0,52200000.0,295000000.0,208000000.0,2100000.0
DBD,2013-12-31,False,FY,2013,10-K,2857491000.0,-118260000.0,-181605000.0,-2.85,-2.85,1.15,2183491000.0,1555350000.0,893736000.0,230709000.0,620815000.0,124224000.0,-52719000.0,-204449000.0,,179828000.0,13747000.0
DBD,2014-06-30,False,Q2,2014,10-Q,733457000.0,57202000.0,41635000.0,0.64,0.64,0.0,2414908000.0,1717997000.0,1062092000.0,222863000.0,668743000.0,-91775000.0,92259000.0,2786000.0,,181850000.0,8003000.0
DBD,2014-03-31,False,Q1,2014,10-Q,688293000.0,23279000.0,9806000.0,0.15,0.15,0.0,2332500000.0,1617623000.0,1050023000.0,217198000.0,627287000.0,-31556000.0,28095000.0,1193000.0,,181864000.0,6183000.0
DBD,2014-12-31,False,FY,2014,10-K,3051053000.0,180947000.0,114417000.0,1.77,1.76,1.15,2342136000.0,1655530000.0,1027723000.0,322017000.0,554889000.0,186906000.0,13799000.0,-81154000.0,240000000.0,171974000.0,19795000.0
DBD,2016-03-31,False,Q1,2016,10-Q,509600000.0,-5700000.0,168200000.0,2.58,2.56,0.2875,2278000000.0,1687600000.0,990100000.0,304600000.0,619100000.0,-115200000.0,351300000.0,-247000000.0,221100000.0,167000000.0,4900000.0
DBD,2015-12-31,False,FY,2015,10-K,2419300000.0,58600000.0,73700000.0,1.13,1.12,1.15,2249300000.0,1643600000.0,955800000.0,313600000.0,435500000.0,36700000.0,-64900000.0,42200000.0,168000000.0,161500000.0,6300000.0
DBD,2015-09-30,False,Q3,2015,10-Q,680900000.0,19600000.0,21700000.0,0.33,0.33,0.2875,2275100000.0,1608200000.0,966500000.0,198500000.0,426500000.0,-120100000.0,-105800000.0,133400000.0,171100000.0,197400000.0,2900000.0
DBD,2016-06-30,False,Q2,2016,10-Q,580000000.0,10300000.0,-21100000.0,-0.32,-0.32,0.2875,4040500000.0,3458200000.0,918000000.0,335500000.0,602000000.0,-206200000.0,-1359400000.0,1584900000.0,310000000.0,169200000.0,9300000.0
DBD,2017-03-31,False,Q1,2017,10-Q,1102800000.0,-48600000.0,-58800000.0,-0.78,-0.78,0.1,5244600000.0,2601500000.0,1846200000.0,490100000.0,567900000.0,-66400000.0,-29000000.0,-72400000.0,,1011700000.0,8700000.0
DBD,2016-12-31,False,FY,2016,10-K,3316300000.0,-159800000.0,-33000000.0,-0.48,-0.48,0.96,5270300000.0,2619600000.0,1824500000.0,652700000.0,1024800000.0,28400000.0,-561400000.0,881600000.0,0.0,998300000.0,28200000.0
DBD,2016-09-30,False,Q3,2016,10-Q,983300000.0,-86700000.0,-102300000.0,-1.44,-1.44,0.2875,5781300000.0,3295900000.0,2182300000.0,748200000.0,1146800000.0,-194900000.0,-517100000.0,1138700000.0,0.0,991000000.0,17900000.0
DBD,2017-09-30,False,Q3,2017,10-Q,1122700000.0,-7600000.0,-35400000.0,-0.47,-0.47,0.1,5361400000.0,2576300000.0,1758300000.0,380700000.0,611700000.0,-235300000.0,-78700000.0,22700000.0,120000000.0,1105900000.0,26900000.0
DBD,2017-12-31,False,FY,2017,10-K,4609300000.0,-83600000.0,-233100000.0,-3.09,-3.09,0.4,5250200000.0,2508400000.0,1799400000.0,535200000.0,506800000.0,37100000.0,-128800000.0,-63700000.0,75000000.0,1117100000.0,41100000.0
DBD,2015-06-30,False,Q2,2015,10-Q,733400000.0,30700000.0,22200000.0,0.34,0.34,0.2875,2395700000.0,1697000000.0,1004200000.0,244400000.0,490200000.0,-99200000.0,-83200000.0,122600000.0,177000000.0,208100000.0,2600000.0
DBD,2017-06-30,False,Q2,2017,10-Q,1133900000.0,-30100000.0,-30600000.0,-0.41,-0.41,0.1,5455500000.0,2641600000.0,1882400000.0,451300000.0,624700000.0,-185800000.0,-63700000.0,36000000.0,79100000.0,1082400000.0,17600000.0
DBD,2018-03-31,False,Q1,2018,10-Q,1064200000.0,-21000000.0,-70900000.0,-0.94,-0.94,0.1,5178400000.0,2413500000.0,1847200000.0,362100000.0,463100000.0,-142300000.0,39100000.0,-91400000.0,0.0,1131800000.0,3200000.0
DBD,2018-09-30,False,Q3,2018,10-Q,1119000000.0,-133900000.0,-212600000.0,-2.79,-2.79,0.0,4697800000.0,2441600000.0,1579600000.0,304400000.0,22700000.0,-372100000.0,90100000.0,196900000.0,260000000.0,883300000.0,22800000.0
DBD,2018-06-30,False,Q2,2018,10-Q,1105600000.0,-131500000.0,-138500000.0,-1.82,-1.82,0.0,4808600000.0,2292200000.0,1652100000.0,299000000.0,261100000.0,-256600000.0,30200000.0,1000000.0,140000000.0,998600000.0,11300000.0
