symbol,end_date,amend,period_focus,fiscal_year,doc_type,revenues,op_income,net_income,eps_basic,eps_diluted,dividend,assets,cur_assets,cur_liab,cash,equity,cash_flow_op,cash_flow_inv,cash_flow_fin,debt,goodwill,cap_ex
DCOM,2012-03-31,False,Q1,2011,10-Q,54259000.0,,10247000.0,0.3,0.3,0.0,4018858000.0,,,124749000.0,368369000.0,20245000.0,77738000.0,-17494000.0,,55638000.0,505000.0
DCOM,2018-09-30,False,Q3,2018,10-Q,56845000.0,,11741000.0,0.32,0.32,0.0,6294193000.0,,,132822000.0,603577000.0,43445000.0,63630000.0,-143708000.0,,55638000.0,
DCOM,2011-12-31,False,FY,2011,10-K,217145000.0,,47309000.0,1.4,1.4,0.0,4021180000.0,,,43309000.0,361034000.0,62597000.0,-39908000.0,-69158000.0,,55638000.0,3884000.0
DCOM,2012-06-30,False,Q2,2011,10-Q,52251000.0,,11531000.0,0.34,0.34,0.0,3879916000.0,,,89584000.0,376299000.0,32509000.0,178321000.0,-165506000.0,,55638000.0,938000.0
DCOM,2011-06-30,False,Q2,2011,10-Q,56004000.0,,12338000.0,0.37,0.36,0.0,4092782000.0,,,131643000.0,347274000.0,33484000.0,-16310000.0,28276000.0,,55638000.0,2506000.0
DCOM,2013-03-31,False,Q1,2013,10-Q,46203000.0,,10524000.0,0.3,0.3,0.0,3982325000.0,,,141656000.0,400500000.0,18279000.0,-16536000.0,60837000.0,,55638000.0,253000.0
DCOM,2011-09-30,False,Q3,2010,10-Q,53465000.0,,11164000.0,0.33,0.33,0.0,4039865000.0,,,120703000.0,354792000.0,72012000.0,17000000.0,-59038000.0,,55638000.0,3271000.0
DCOM,2013-06-30,False,Q2,2013,10-Q,47357000.0,,11994000.0,0.34,0.34,0.0,3951243000.0,,,61291000.0,408905000.0,34898000.0,-72141000.0,19458000.0,,55638000.0,743000.0
DCOM,2012-12-31,False,FY,2012,10-K,219803000.0,,40124000.0,1.18,1.17,0.0,3905399000.0,,,79076000.0,391574000.0,72705000.0,149568000.0,-187457000.0,,55638000.0,4422000.0
DCOM,2012-09-30,False,Q3,2012,10-Q,50047000.0,,11795000.0,0.34,0.34,0.0,3954358000.0,,,194702000.0,387538000.0,51614000.0,266334000.0,-107507000.0,,55638000.0,2739000.0
DCOM,2014-03-31,False,Q1,2014,10-Q,44786000.0,,9989000.0,0.28,0.28,0.0,4280369000.0,,,66120000.0,441635000.0,13623000.0,-232031000.0,238751000.0,,55638000.0,653000.0
DCOM,2013-12-31,False,FY,2013,10-K,182919000.0,,43368000.0,1.24,1.23,0.0,4028190000.0,,,45777000.0,435506000.0,61151000.0,-168403000.0,73953000.0,,55638000.0,1963000.0
DCOM,2014-06-30,False,Q2,2014,10-Q,44475000.0,,10418000.0,0.29,0.29,0.0,4301694000.0,,,57213000.0,448524000.0,19411000.0,-259812000.0,252087000.0,,55638000.0,1120000.0
DCOM,2013-09-30,False,Q3,2013,10-Q,45294000.0,,10587000.0,0.3,0.3,0.0,4015325000.0,,,65713000.0,422745000.0,48607000.0,-132305000.0,70335000.0,,55638000.0,1348000.0
DCOM,2015-06-30,False,Q2,2015,10-Q,45875000.0,,11496000.0,0.32,0.32,0.0,4644535000.0,,,67946000.0,477947000.0,21114000.0,-155013000.0,123408000.0,,55638000.0,456000.0
DCOM,2015-09-30,False,Q3,2015,10-Q,44795000.0,,10050000.0,0.28,0.28,0.0,4832492000.0,,,74073000.0,483879000.0,44549000.0,-342814000.0,293901000.0,,55638000.0,1071000.0
DCOM,2014-09-30,False,Q3,2014,10-Q,46162000.0,,11724000.0,0.33,0.33,0.0,4384405000.0,,,58977000.0,456203000.0,33491000.0,-340604000.0,320563000.0,,55638000.0,1500000.0
DCOM,2015-03-31,False,Q1,2015,10-Q,46113000.0,,11737000.0,0.33,0.33,0.0,4583349000.0,,,79149000.0,466056000.0,10429000.0,-84445000.0,74978000.0,,55638000.0,257000.0
DCOM,2016-03-31,False,Q1,2016,10-Q,116252000.0,,50006000.0,1.37,1.36,0.0,5517359000.0,,,192917000.0,539907000.0,7248000.0,-288391000.0,409906000.0,,55638000.0,
DCOM,2014-12-31,False,FY,2014,10-K,181990000.0,,44078000.0,1.23,1.23,0.0,4497107000.0,,,78187000.0,459725000.0,47263000.0,-433935000.0,419332000.0,,55638000.0,1618000.0
DCOM,2015-12-31,False,FY,2015,10-K,183407000.0,,44636000.0,1.24,1.23,0.0,5032872000.0,,,64154000.0,493947000.0,50153000.0,-553674000.0,489238000.0,,55638000.0,1488000.0
DCOM,2017-09-30,False,Q3,2017,10-Q,57912000.0,,13279000.0,0.36,0.35,0.0,6444429000.0,,,173060000.0,586037000.0,35505000.0,-376917000.0,400969000.0,,55638000.0,
DCOM,2017-06-30,False,Q2,2017,10-Q,54165000.0,,11951000.0,0.32,0.32,0.0,6258184000.0,,,110044000.0,580448000.0,16052000.0,-248059000.0,228548000.0,,55638000.0,
DCOM,2017-03-31,False,Q1,2017,10-Q,53233000.0,,11132000.0,0.3,0.3,0.0,6095370000.0,,,87834000.0,573225000.0,17266000.0,-116788000.0,73853000.0,,55638000.0,
DCOM,2018-03-31,False,Q1,2018,10-Q,58277000.0,,14716000.0,0.39,0.39,0.0,6325917000.0,,,188826000.0,607957000.0,12746000.0,94914000.0,-88289000.0,,55638000.0,
DCOM,2016-12-31,False,FY,2016,10-K,271561000.0,,72405000.0,1.97,1.97,0.0,6005430000.0,,,113503000.0,565868000.0,20059000.0,-853652000.0,882942000.0,,55638000.0,
DCOM,2016-09-30,False,Q3,2016,10-Q,51027000.0,,10511000.0,0.29,0.29,0.0,5821786000.0,,,80870000.0,555291000.0,6321000.0,-706178000.0,716573000.0,,55638000.0,
DCOM,2016-06-30,False,Q2,2016,10-Q,50675000.0,,11184000.0,0.3,0.3,0.0,5556197000.0,,,89927000.0,549611000.0,-3244000.0,-425558000.0,454575000.0,,55638000.0,
DCOM,2017-12-31,False,FY,2017,10-K,233610000.0,,51751000.0,1.38,1.38,0.0,6403460000.0,,,169455000.0,598567000.0,43262000.0,-332343000.0,345033000.0,,55638000.0,
DCOM,2018-06-30,False,Q2,2018,10-Q,56241000.0,,12278000.0,0.33,0.33,0.0,6253175000.0,,,150992000.0,615532000.0,27684000.0,127203000.0,-173350000.0,,55638000.0,
