symbol,end_date,amend,period_focus,fiscal_year,doc_type,revenues,op_income,net_income,eps_basic,eps_diluted,dividend,assets,cur_assets,cur_liab,cash,equity,cash_flow_op,cash_flow_inv,cash_flow_fin,debt,goodwill,cap_ex
DIN,2018-12-31,False,FY,2018,10-K,780931000.0,,77643000.0,4.43,4.37,2.52,1774700000.0,382190000.0,316186000.0,137164000.0,-202273000.0,140346000.0,-14801000.0,-88312000.0,1299100000.0,345314000.0,14300000.0
DIN,2011-09-30,False,Q3,2011,10-Q,264481000.0,,15519000.0,0.86,0.85,0.0,2662339000.0,265516000.0,219311000.0,53940000.0,123474000.0,95071000.0,48723000.0,-192163000.0,,697470000.0,20829000.0
DIN,2011-06-30,False,Q2,2011,10-Q,268338000.0,,-284000.0,-0.02,-0.02,0.0,2660396000.0,249970000.0,208212000.0,34522000.0,126228000.0,48188000.0,48465000.0,-164440000.0,,697470000.0,13510000.0
DIN,2012-06-30,False,Q2,2012,10-Q,229391000.0,,15873000.0,0.89,0.88,0.0,2513947000.0,231175000.0,196346000.0,32371000.0,216643000.0,36356000.0,16667000.0,-81343000.0,1346200000.0,697470000.0,10650000.0
DIN,2012-09-30,False,Q3,2012,10-Q,216318000.0,,58698000.0,3.26,3.14,0.0,2421757000.0,242903000.0,212893000.0,71838000.0,283105000.0,68066000.0,135212000.0,-192131000.0,1240100000.0,697470000.0,13477000.0
DIN,2011-12-31,False,FY,2011,10-K,1075198000.0,,70733000.0,3.96,3.89,0.0,2614294000.0,276947000.0,257644000.0,60691000.0,155220000.0,121686000.0,101679000.0,-264983000.0,1418800000.0,697470000.0,26332000.0
DIN,2013-03-31,False,Q1,2013,10-Q,163169000.0,,17910000.0,0.95,0.93,0.75,2377660000.0,268477000.0,226349000.0,117382000.0,320999000.0,71226000.0,2383000.0,-20764000.0,1209100000.0,697470000.0,1495000.0
DIN,2012-03-31,False,Q1,2012,10-Q,245582000.0,,29880000.0,1.69,1.64,0.0,2534486000.0,215153000.0,229665000.0,48684000.0,195680000.0,44693000.0,21376000.0,-78076000.0,1345400000.0,697470000.0,4150000.0
DIN,2013-06-30,False,Q2,2013,10-Q,158114000.0,,16639000.0,0.88,0.87,0.75,2337442000.0,240196000.0,203595000.0,75637000.0,312522000.0,55429000.0,4121000.0,-48450000.0,1208800000.0,697470000.0,2953000.0
DIN,2012-12-31,False,FY,2012,10-K,849928000.0,,122458000.0,6.81,6.63,0.0,2415400000.0,294455000.0,267760000.0,64537000.0,308805000.0,52879000.0,165417000.0,-214450000.0,1209500000.0,697470000.0,16952000.0
DIN,2013-09-30,False,Q3,2013,10-Q,161283000.0,,18434000.0,0.98,0.97,0.75,2347716000.0,261764000.0,217320000.0,95535000.0,309996000.0,102814000.0,5989000.0,-77805000.0,1209700000.0,697470000.0,4547000.0
DIN,2014-06-30,False,Q2,2014,10-Q,160521000.0,,18860000.0,1.0,1.0,0.75,2319089000.0,273193000.0,224776000.0,100350000.0,310593000.0,55992000.0,2736000.0,-64389000.0,1207715000.0,697470000.0,4086000.0
DIN,2015-06-30,False,Q2,2015,10-Q,171549000.0,,26538000.0,1.41,1.4,0.875,2355858000.0,347582000.0,235622000.0,104383000.0,280872000.0,48123000.0,5595000.0,-53339000.0,,697470000.0,4612000.0
DIN,2015-09-30,False,Q3,2015,10-Q,162437000.0,,23941000.0,1.29,1.28,0.875,2318286000.0,324178000.0,209860000.0,105886000.0,275310000.0,70589000.0,21241000.0,-89948000.0,,697470000.0,5765000.0
DIN,2013-12-31,False,FY,2013,10-K,640467000.0,,70837000.0,3.75,3.7,3.0,2404642000.0,331582000.0,284273000.0,106011000.0,315179000.0,127815000.0,7003000.0,-93344000.0,1208200000.0,697470000.0,7037000.0
DIN,2014-03-31,False,Q1,2014,10-Q,167201000.0,,20481000.0,1.09,1.08,0.75,2355247000.0,298863000.0,245774000.0,133218000.0,318180000.0,52840000.0,2002000.0,-27635000.0,1207967000.0,697470000.0,2039000.0
DIN,2014-09-30,False,Q3,2014,10-Q,162853000.0,,18608000.0,0.99,0.99,0.75,2342758000.0,308581000.0,252265000.0,132859000.0,317375000.0,102427000.0,5404000.0,-80983000.0,1207479000.0,697470000.0,5530000.0
DIN,2016-06-30,False,Q2,2016,10-Q,160300000.0,,26445000.0,1.46,1.45,0.92,2237268000.0,304297000.0,235675000.0,118293000.0,256166000.0,53911000.0,6477000.0,-86880000.0,,697470000.0,1931000.0
DIN,2014-12-31,False,FY,2014,10-K,654988000.0,,35932000.0,1.92,1.9,3.125,2448108000.0,412884000.0,313049000.0,104004000.0,279073000.0,118524000.0,10568000.0,-131099000.0,1300000000.0,697470000.0,5937000.0
DIN,2016-03-31,False,Q1,2016,10-Q,163524000.0,,25161000.0,1.38,1.37,0.92,2262192000.0,317067000.0,246030000.0,140330000.0,260305000.0,37494000.0,3262000.0,-45211000.0,,697470000.0,839000.0
DIN,2015-03-31,False,Q1,2015,10-Q,175814000.0,,28040000.0,1.49,1.47,0.875,2377314000.0,356559000.0,242544000.0,133470000.0,288194000.0,41130000.0,1785000.0,-13449000.0,,697470000.0,2617000.0
DIN,2016-09-30,False,Q3,2016,10-Q,156017000.0,,23935000.0,1.33,1.33,0.92,2200421000.0,280446000.0,206393000.0,107823000.0,256526000.0,62058000.0,10033000.0,-109053000.0,,697470000.0,3543000.0
DIN,2017-03-31,False,Q1,2017,10-Q,156200000.0,,14099000.0,0.8,0.79,0.97,2201482000.0,299022000.0,223889000.0,129249000.0,245326000.0,19543000.0,1817000.0,-31591000.0,,697470000.0,2997000.0
DIN,2018-03-31,False,Q1,2018,10-Q,188200000.0,,16505000.0,0.93,0.92,0.63,1651046000.0,308782000.0,235969000.0,96399000.0,-216886000.0,16468000.0,-255000.0,-35869000.0,,339236000.0,3488000.0
DIN,2015-12-31,False,FY,2015,10-K,681100000.0,,103523000.0,5.55,5.52,3.545,2331850000.0,372709000.0,298429000.0,144785000.0,267223000.0,135509000.0,25201000.0,-119929000.0,0.0,697500000.0,6642000.0
DIN,2017-12-31,False,FY,2017,10-K,604819000.0,,-330539000.0,-18.28,-18.28,3.88,1750240000.0,395614000.0,295702000.0,117010000.0,-146698000.0,65733000.0,7675000.0,-95753000.0,1282800000.0,339236000.0,13400000.0
DIN,2018-06-30,False,Q2,2018,10-Q,184500000.0,,12285000.0,0.7,0.69,0.63,1650306000.0,316498000.0,250921000.0,95718000.0,-223251000.0,25792000.0,4963000.0,-44053000.0,1298100000.0,339236000.0,7339000.0
DIN,2017-09-30,False,Q3,2017,10-Q,144700000.0,,-451718000.0,-24.98,-24.98,0.97,1641208000.0,283326000.0,203387000.0,104212000.0,-216677000.0,31000000.0,6419000.0,-72660000.0,,339236000.0,9608000.0
DIN,2017-06-30,False,Q2,2017,10-Q,155200000.0,,20938000.0,1.18,1.18,0.97,2191657000.0,292650000.0,214047000.0,112346000.0,251484000.0,20894000.0,3809000.0,-51737000.0,,697470000.0,6945000.0
DIN,2018-09-30,False,Q3,2018,10-Q,194100000.0,,22788000.0,1.31,1.29,0.63,1649682000.0,314774000.0,232251000.0,102667000.0,-213394000.0,61626000.0,3400000.0,-68939000.0,1296500000.0,339236000.0,11018000.0
DIN,2016-12-31,False,FY,2016,10-K,634000000.0,,96605000.0,5.36,5.33,3.73,2278600000.0,366148000.0,286312000.0,140535000.0,252772000.0,118110000.0,12549000.0,-134909000.0,0.0,697500000.0,5637000.0
