symbol,end_date,amend,period_focus,fiscal_year,doc_type,revenues,op_income,net_income,eps_basic,eps_diluted,dividend,assets,cur_assets,cur_liab,cash,equity,cash_flow_op,cash_flow_inv,cash_flow_fin,debt,goodwill,cap_ex
DOV,2012-03-31,False,Q1,2012,10-Q,2063364000.0,299444000.0,196063000.0,1.07,1.05,0.315,9698579000.0,3238769000.0,1205634000.0,899976000.0,5089677000.0,160127000.0,-365966000.0,-87246000.0,,3959772000.0,71429000.0
DOV,2011-03-31,False,Q1,2011,10-Q,1959021000.0,270306000.0,194905000.0,1.04,1.03,0.275,9360143000.0,3591317000.0,1273850000.0,1378119000.0,4744044000.0,132609000.0,-344248000.0,350876000.0,2187594000.0,3616161000.0,52650000.0
DOV,2010-06-30,False,Q2,2010,10-Q,1786696000.0,264889000.0,169870000.0,0.91,0.9,0.26,8083307000.0,2846066000.0,1259849000.0,738817000.0,4085273000.0,318265000.0,-126756000.0,-105481000.0,1844300000.0,3313802000.0,86281000.0
DOV,2011-09-30,False,Q3,2011,10-Q,2203388000.0,337701000.0,172280000.0,0.93,0.91,0.315,9513036000.0,3292748000.0,1286654000.0,917024000.0,4879206000.0,713290000.0,-1142196000.0,118750000.0,,3879334000.0,190699000.0
DOV,2010-12-31,False,FY,2010,10-K,7132648000.0,1034937000.0,700104000.0,3.75,3.7,1.07,8562894000.0,3261871000.0,1194386000.0,1187361000.0,4526562000.0,950551000.0,-178957000.0,-304788000.0,1792811000.0,3368033000.0,183217000.0
DOV,2012-12-31,False,FY,2012,10-K,8104339000.0,1265377000.0,811070000.0,4.47,4.41,1.33,10443943000.0,3027844000.0,1986628000.0,800076000.0,4919230000.0,1261160000.0,-1345888000.0,-342942000.0,2192616000.0,4114650000.0,297012000.0
DOV,2013-06-30,False,Q2,2013,10-Q,2228763000.0,350324000.0,330049000.0,1.93,1.91,0.35,10349256000.0,3048885000.0,1975099000.0,605950000.0,4980872000.0,383055000.0,-153233000.0,-411356000.0,449800000.0,4106345000.0,100437000.0
DOV,2013-09-30,False,Q3,2013,10-Q,2252349000.0,394366000.0,269114000.0,1.58,1.56,0.375,10665130000.0,3263170000.0,2018537000.0,739824000.0,5284425000.0,723060000.0,-262540000.0,-523835000.0,449806000.0,4158710000.0,157475000.0
DOV,2012-09-30,False,Q3,2012,10-Q,2208699000.0,370357000.0,241046000.0,1.33,1.31,0.35,9910145000.0,3277107000.0,1275979000.0,794099000.0,5212666000.0,711234000.0,-573100000.0,-535246000.0,,4047293000.0,215116000.0
DOV,2012-06-30,False,Q2,2012,10-Q,2156508000.0,323547000.0,214101000.0,1.17,1.15,0.315,9804405000.0,3205314000.0,1261709000.0,785965000.0,5110264000.0,412247000.0,-514472000.0,-295415000.0,,4021133000.0,145787000.0
DOV,2010-09-30,False,Q3,2010,10-Q,1887141000.0,297663000.0,223759000.0,1.2,1.19,0.28,8353575000.0,3102841000.0,1198985000.0,866090000.0,4375264000.0,519112000.0,-164781000.0,-194427000.0,1791205000.0,3338517000.0,129837000.0
DOV,2013-03-31,False,Q1,2013,10-Q,2039573000.0,292201000.0,210003000.0,1.21,1.2,0.35,10234914000.0,2919863000.0,1951458000.0,571359000.0,4761781000.0,78326000.0,-45217000.0,-252672000.0,449793000.0,4081545000.0,47153000.0
DOV,2011-06-30,False,Q2,2011,10-Q,2156871000.0,341727000.0,249769000.0,1.34,1.32,0.275,9482038000.0,3753415000.0,1263966000.0,1397419000.0,4912957000.0,341897000.0,-435019000.0,252789000.0,,3616805000.0,126420000.0
DOV,2011-12-31,False,FY,2011,10-K,7950140000.0,1210815000.0,895243000.0,4.82,4.74,1.18,9501450000.0,3397130000.0,1202981000.0,1206755000.0,4930555000.0,1058229000.0,-1020940000.0,-50501000.0,2187252000.0,3787117000.0,271809000.0
DOV,2009-06-30,False,Q2,2009,10-Q,1390331000.0,128348000.0,97080000.0,0.52,0.52,0.25,7670454000.0,2480318000.0,1000490000.0,693560000.0,3903908000.0,307302000.0,47964000.0,-195882000.0,,3256503000.0,58451000.0
DOV,2009-09-30,False,Q3,2009,10-Q,1499611000.0,180141000.0,106884000.0,0.57,0.57,0.26,7772311000.0,2589568000.0,943453000.0,597504000.0,4040414000.0,554113000.0,-156480000.0,-362826000.0,,3274053000.0,83250000.0
DOV,2009-12-31,False,FY,2009,10-K,5775689000.0,588043000.0,356438000.0,1.91,1.91,1.02,7882403000.0,2522707000.0,969176000.0,714365000.0,4083608000.0,802060000.0,-257865000.0,-389953000.0,,3350217000.0,120009000.0
DOV,2014-03-31,False,Q1,2014,10-Q,1884647000.0,283927000.0,160138000.0,0.94,0.93,0.375,8664390000.0,2701709000.0,1231409000.0,486039000.0,3748078000.0,39778000.0,-146277000.0,-151774000.0,449819000.0,3329435000.0,33402000.0
DOV,2010-03-31,False,Q1,2010,10-Q,1583270000.0,202987000.0,108126000.0,0.58,0.58,0.26,8026901000.0,2755702000.0,1186454000.0,690295000.0,4056591000.0,87066000.0,-148073000.0,69551000.0,,3319833000.0,39336000.0
DOV,2013-12-31,False,FY,2013,10-K,8729813000.0,1353932000.0,1003129000.0,5.86,5.78,1.45,10838172000.0,3240162000.0,1615580000.0,803882000.0,5377396000.0,1178685000.0,-463051000.0,-678542000.0,2601979000.0,4242909000.0,236833000.0
DOV,2016-03-31,False,Q1,2016,10-Q,1622273000.0,145816000.0,99356000.0,0.64,0.64,0.42,8980895000.0,2345756000.0,1648809000.0,243720000.0,3698133000.0,133413000.0,-425857000.0,178507000.0,449872000.0,4034620000.0,37230000.0
DOV,2016-06-30,False,Q2,2016,10-Q,1686345000.0,193802000.0,118290000.0,0.76,0.76,0.42,8979092000.0,2379756000.0,1640367000.0,255140000.0,3713735000.0,341281000.0,-495272000.0,50829000.0,449878000.0,4034499000.0,72652000.0
DOV,2015-03-31,False,Q1,2015,10-Q,1715501000.0,192525000.0,209510000.0,1.3,1.28,0.4,8646705000.0,2671551000.0,1782054000.0,538486000.0,3579110000.0,131332000.0,156585000.0,-416603000.0,449846000.0,3464041000.0,27956000.0
DOV,2014-09-30,False,Q3,2014,10-Q,2092467000.0,359133000.0,231844000.0,1.4,1.38,0.4,8959186000.0,3116331000.0,1393964000.0,706234000.0,3921939000.0,532136000.0,-311790000.0,-304509000.0,449833000.0,3446317000.0,112639000.0
DOV,2015-06-30,False,Q2,2015,10-Q,1758628000.0,251873000.0,332396000.0,2.1,2.07,0.4,8466817000.0,2737125000.0,1613705000.0,595168000.0,3592482000.0,350243000.0,614460000.0,-1024932000.0,449852000.0,3455814000.0,71763000.0
DOV,2014-12-31,False,FY,2014,10-K,7752728000.0,1215484000.0,775235000.0,4.65,4.59,1.55,9090385000.0,2896822000.0,2039354000.0,681581000.0,3700725000.0,950164000.0,-782557000.0,-255489000.0,2552997000.0,3491557000.0,166033000.0
DOV,2015-09-30,False,Q3,2015,10-Q,1787582000.0,276920000.0,186098000.0,1.2,1.19,0.42,8478820000.0,2814829000.0,1668699000.0,662673000.0,3566304000.0,632456000.0,581006000.0,-1110966000.0,449859000.0,3441780000.0,111279000.0
DOV,2017-06-30,False,Q2,2017,10-Q,1993351000.0,265400000.0,164058000.0,1.05,1.04,0.44,10292423000.0,2759584000.0,2215346000.0,301588000.0,4072434000.0,233948000.0,30643000.0,-309566000.0,3276310000.0,4564266000.0,90594000.0
DOV,2017-09-30,False,Q3,2017,10-Q,2006275000.0,273817000.0,178912000.0,1.15,1.14,0.47,10493390000.0,2868771000.0,2167256000.0,322039000.0,4275690000.0,501965000.0,-24785000.0,-507200000.0,3335491000.0,4633749000.0,150149000.0
DOV,2017-03-31,False,Q1,2017,10-Q,1813372000.0,175884000.0,172247000.0,1.11,1.09,0.44,10238308000.0,2761919000.0,2319203000.0,415530000.0,3953415000.0,78071000.0,81780000.0,-93293000.0,3238763000.0,4508720000.0,42259000.0
DOV,2016-09-30,False,Q3,2016,10-Q,1707763000.0,210746000.0,130084000.0,0.84,0.83,0.44,9298283000.0,2738967000.0,1891071000.0,514755000.0,3788900000.0,572946000.0,-561382000.0,149320000.0,449885000.0,4039935000.0,115768000.0
DOV,2015-12-31,False,FY,2015,10-K,6956311000.0,920762000.0,869829000.0,5.52,5.46,1.64,8619763000.0,2420779000.0,1367182000.0,362185000.0,3644575000.0,949059000.0,-34578000.0,-1091886000.0,2617464000.0,3737389000.0,154251000.0
DOV,2017-12-31,True,FY,2017,10-K,7830436000.0,914445000.0,811665000.0,5.21,5.15,1.82,10657653000.0,3207120000.0,2298193000.0,753964000.0,4383180000.0,821559000.0,176373000.0,-594739000.0,3336713000.0,4591912000.0,196735000.0
DOV,2017-12-31,False,FY,2017,10-K,7830436000.0,914445000.0,811665000.0,5.21,5.15,1.82,10657653000.0,3207120000.0,2298193000.0,753964000.0,4383180000.0,821559000.0,176373000.0,-594739000.0,3336713000.0,4591912000.0,196735000.0
DOV,2016-12-31,False,FY,2016,10-K,6794342000.0,714446000.0,508892000.0,3.28,3.25,1.72,10115991000.0,2589191000.0,1940318000.0,349146000.0,3799746000.0,861975000.0,-1503843000.0,633608000.0,3223123000.0,4562677000.0,165205000.0
DOV,2014-06-30,False,Q2,2014,10-Q,2047738000.0,340302000.0,213959000.0,1.29,1.27,0.375,8795074000.0,2903529000.0,1231700000.0,547388000.0,3896626000.0,237474000.0,-235789000.0,-265975000.0,449826000.0,3350687000.0,77326000.0
DOV,2018-03-31,False,Q1,2018,10-Q,1921579000.0,194792000.0,131435000.0,0.85,0.84,0.47,10543040000.0,2951999000.0,2080588000.0,367222000.0,4445622000.0,35195000.0,-136022000.0,-289103000.0,3032098000.0,4682939000.0,58361000.0
DOV,2018-06-30,False,Q2,2018,10-Q,1798094000.0,236461000.0,139959000.0,0.92,0.91,0.47,8473170000.0,2447728000.0,1813927000.0,242814000.0,2840591000.0,174740000.0,-174203000.0,-516837000.0,2974940000.0,3715365000.0,96364000.0
DOV,2018-09-30,False,Q3,2018,10-Q,1747403000.0,220075000.0,157305000.0,1.07,1.05,0.48,8461770000.0,2459049000.0,1890305000.0,209277000.0,2747934000.0,418684000.0,-210125000.0,-749313000.0,2981923000.0,3719598000.0,134556000.0
