symbol,end_date,amend,period_focus,fiscal_year,doc_type,revenues,op_income,net_income,eps_basic,eps_diluted,dividend,assets,cur_assets,cur_liab,cash,equity,cash_flow_op,cash_flow_inv,cash_flow_fin,debt,goodwill,cap_ex
DRQ,2010-12-31,False,FY,2010,10-K,566251000.0,138713000.0,102226000.0,2.57,2.55,0.0,948551000.0,688249000.0,111329000.0,245850000.0,828014000.0,107160000.0,-72950000.0,14634000.0,,,74815000.0
DRQ,2010-09-30,False,Q3,2010,10-Q,140123000.0,37714000.0,27657000.0,0.69,0.69,0.0,911804000.0,674112000.0,106681000.0,257974000.0,797441000.0,101018000.0,-47356000.0,6456000.0,,,48585000.0
DRQ,2018-12-31,False,FY,2018,10-K,384626000.0,-122738000.0,-95695000.0,-2.58,-2.58,0.0,1192510000.0,852981000.0,82258000.0,418100000.0,1096162000.0,45503000.0,-15173000.0,-99199000.0,,7714000.0,32061000.0
DRQ,2010-06-30,False,Q2,2010,10-Q,142000000.0,39323000.0,27998000.0,0.7,0.7,0.0,847857000.0,635006000.0,86183000.0,225903000.0,754182000.0,43740000.0,-20902000.0,4999000.0,,,21980000.0
DRQ,2011-03-31,False,Q1,2011,10-Q,137667000.0,30595000.0,21672000.0,0.54,0.54,0.0,994685000.0,718898000.0,126938000.0,268276000.0,858549000.0,40571000.0,-18764000.0,186000.0,,,19809000.0
DRQ,2012-09-30,False,Q3,2012,10-Q,190860000.0,38723000.0,29657000.0,0.73,0.73,0.0,1196203000.0,891908000.0,155221000.0,263421000.0,1031460000.0,-9916000.0,-39303000.0,11225000.0,,,40606000.0
DRQ,2012-03-31,False,Q1,2012,10-Q,177124000.0,40032000.0,28797000.0,0.72,0.71,0.0,1125702000.0,829287000.0,151500000.0,285488000.0,964654000.0,-1472000.0,-13710000.0,532000.0,,,13867000.0
DRQ,2012-06-30,False,Q2,2012,10-Q,176570000.0,41349000.0,29803000.0,0.74,0.74,0.0,1149938000.0,852031000.0,149798000.0,248143000.0,990637000.0,-32471000.0,-26647000.0,8189000.0,,,27737000.0
DRQ,2011-12-31,False,FY,2011,10-K,601342000.0,129639000.0,95267000.0,2.38,2.36,0.0,1085858000.0,799302000.0,151000000.0,298576000.0,925244000.0,101854000.0,-54187000.0,5098000.0,57000.0,,56213000.0
DRQ,2011-06-30,False,Q2,2011,10-Q,136994000.0,30428000.0,22208000.0,0.55,0.55,0.0,1033139000.0,748550000.0,138975000.0,250118000.0,884853000.0,35442000.0,-30816000.0,388000.0,,,32839000.0
DRQ,2011-09-30,False,Q3,2011,10-Q,155035000.0,31776000.0,23263000.0,0.58,0.58,0.0,1032463000.0,749990000.0,131598000.0,255572000.0,891562000.0,51245000.0,-42856000.0,444000.0,,,45114000.0
DRQ,2013-03-31,False,Q1,2013,10-Q,193155000.0,52177000.0,39842000.0,0.98,0.98,0.0,1251940000.0,942174000.0,144818000.0,318974000.0,1097293000.0,74983000.0,-11904000.0,3673000.0,,,12070000.0
DRQ,2012-12-31,False,FY,2012,10-K,733031000.0,161692000.0,119209000.0,2.96,2.94,0.0,1231447000.0,924388000.0,155089000.0,257191000.0,1066432000.0,-8159000.0,-48999000.0,12257000.0,,,50773000.0
DRQ,2013-09-30,False,Q3,2013,10-Q,224724000.0,51985000.0,39995000.0,0.98,0.98,0.0,1347256000.0,1035166000.0,138924000.0,380942000.0,1198602000.0,140854000.0,-29809000.0,11255000.0,,,30037000.0
DRQ,2013-12-31,False,FY,2013,10-K,872372000.0,223545000.0,169827000.0,4.18,4.16,0.0,1394612000.0,1078813000.0,142790000.0,384356000.0,1242018000.0,162229000.0,-41873000.0,3367000.0,,,42633000.0
DRQ,2014-03-31,False,Q1,2014,10-Q,204073000.0,58567000.0,42618000.0,1.05,1.04,0.0,1460049000.0,1138404000.0,156688000.0,420938000.0,1293705000.0,48603000.0,-12864000.0,512000.0,,,13220000.0
DRQ,2014-06-30,False,Q2,2014,10-Q,230315000.0,68954000.0,51324000.0,1.27,1.27,0.0,1448560000.0,1121520000.0,169405000.0,342621000.0,1269584000.0,66672000.0,-22748000.0,-88385000.0,,,23218000.0
DRQ,2013-06-30,False,Q2,2013,10-Q,222031000.0,56215000.0,42927000.0,1.06,1.05,0.0,1296479000.0,987211000.0,148230000.0,325541000.0,1138493000.0,86101000.0,-22802000.0,9431000.0,,,23101000.0
DRQ,2015-03-31,False,Q1,2015,10-Q,226002000.0,71693000.0,53664000.0,1.38,1.38,0.0,1436003000.0,1123484000.0,161361000.0,374131000.0,1270064000.0,87069000.0,-6035000.0,306000.0,,,6156000.0
DRQ,2014-09-30,False,Q3,2014,10-Q,241750000.0,72992000.0,55683000.0,1.41,1.4,0.0,1429030000.0,1103969000.0,169425000.0,314964000.0,1250109000.0,102584000.0,-30621000.0,-138088000.0,,,31164000.0
DRQ,2014-12-31,False,FY,2014,10-K,930957000.0,278748000.0,208712000.0,5.22,5.19,0.0,1449251000.0,1127140000.0,198642000.0,298705000.0,1245192000.0,149313000.0,-41571000.0,-186827000.0,,,42549000.0
DRQ,2015-12-31,False,FY,2015,10-K,844310000.0,248835000.0,192008000.0,5.0,4.98,0.0,1428250000.0,1124298000.0,100815000.0,381336000.0,1324458000.0,190155000.0,-26655000.0,-73565000.0,,,27079000.0
DRQ,2016-06-30,False,Q2,2016,10-Q,142439000.0,45217000.0,36137000.0,0.96,0.96,0.0,1447850000.0,1140591000.0,86460000.0,491729000.0,1358491000.0,162861000.0,-15137000.0,-23704000.0,,,15276000.0
DRQ,2017-03-31,False,Q1,2017,10-Q,119228000.0,-870000.0,94000.0,0.0,0.0,0.0,1453487000.0,1007229000.0,83193000.0,414190000.0,1367996000.0,11476000.0,-24277000.0,403000.0,,46514000.0,4847000.0
DRQ,2017-09-30,False,Q3,2017,10-Q,100346000.0,-62045000.0,-29260000.0,-0.78,-0.78,0.0,1437464000.0,992489000.0,69283000.0,473045000.0,1365993000.0,74735000.0,-39692000.0,455000.0,,48514000.0,19563000.0
DRQ,2017-06-30,False,Q2,2017,10-Q,127922000.0,-1114000.0,15000.0,0.0,0.0,0.0,1466913000.0,1024895000.0,86250000.0,436987000.0,1378318000.0,38700000.0,-33615000.0,403000.0,,47882000.0,12936000.0
DRQ,2016-12-31,False,FY,2016,10-K,538731000.0,112859000.0,93221000.0,2.48,2.47,0.0,1461404000.0,1056711000.0,101480000.0,423497000.0,1356424000.0,246522000.0,-157849000.0,-21893000.0,,34371000.0,25763000.0
DRQ,2015-09-30,False,Q3,2015,10-Q,201402000.0,64255000.0,50777000.0,1.32,1.32,0.0,1438120000.0,1133827000.0,118050000.0,396969000.0,1315795000.0,158738000.0,-16563000.0,-38902000.0,,,16746000.0
DRQ,2016-03-31,False,Q1,2016,10-Q,166561000.0,49343000.0,36769000.0,0.97,0.97,0.0,1470458000.0,1164616000.0,104899000.0,423366000.0,1363295000.0,52523000.0,-7656000.0,166000.0,,,7732000.0
DRQ,2015-06-30,False,Q2,2015,10-Q,215276000.0,52579000.0,39213000.0,1.01,1.01,0.0,1446786000.0,1130971000.0,126717000.0,382673000.0,1315771000.0,113011000.0,-11068000.0,-179347000.0,,,11204000.0
DRQ,2018-03-31,False,Q1,2018,10-Q,99173000.0,-6277000.0,-7383000.0,-0.2,-0.2,0.0,1397862000.0,1002131000.0,87238000.0,495591000.0,1305109000.0,11388000.0,-10500000.0,52000.0,,47818000.0,10571000.0
DRQ,2016-09-30,False,Q3,2016,10-Q,123640000.0,22933000.0,19013000.0,0.51,0.51,0.0,1462060000.0,1158052000.0,86784000.0,542630000.0,1372395000.0,221494000.0,-20008000.0,-23240000.0,,,20289000.0
DRQ,2017-12-31,False,FY,2017,10-K,455469000.0,-69136000.0,-100639000.0,-2.69,-2.69,0.0,1399805000.0,1008549000.0,99911000.0,493180000.0,1294461000.0,107993000.0,-44892000.0,560000.0,,47624000.0,27622000.0
DRQ,2018-06-30,False,Q2,2018,10-Q,94861000.0,-3748000.0,-3042000.0,-0.08,-0.08,0.0,1361691000.0,976422000.0,80469000.0,493422000.0,1275447000.0,23466000.0,-9088000.0,-10003000.0,,47042000.0,19605000.0
DRQ,2018-09-30,False,Q3,2018,10-Q,93257000.0,-14084000.0,-10358000.0,-0.28,-0.28,0.0,1292759000.0,897450000.0,68262000.0,424053000.0,1191256000.0,32607000.0,-15439000.0,-80646000.0,,47120000.0,26683000.0
