symbol,end_date,amend,period_focus,fiscal_year,doc_type,revenues,op_income,net_income,eps_basic,eps_diluted,dividend,assets,cur_assets,cur_liab,cash,equity,cash_flow_op,cash_flow_inv,cash_flow_fin,debt,goodwill,cap_ex
DUK,2012-03-31,False,Q1,2012,10-Q,3630000000.0,495000000.0,295000000.0,0.22,0.22,0.25,61799000000.0,5924000000.0,4283000000.0,1071000000.0,22878000000.0,872000000.0,-1180000000.0,-731000000.0,,3853000000.0,988000000.0
DUK,2012-06-30,False,Q2,2012,10-Q,3577000000.0,786000000.0,444000000.0,0.99,0.99,1.515,63031000000.0,6487000000.0,6139000000.0,1526000000.0,22516000000.0,2002000000.0,-2391000000.0,-195000000.0,8522000000.0,3842000000.0,2252000000.0
DUK,2012-09-30,False,Q3,2012,10-Q,6722000000.0,1078000000.0,594000000.0,0.84,0.85,0.0,112008000000.0,10106000000.0,8556000000.0,1761000000.0,40995000000.0,3979000000.0,-3989000000.0,-339000000.0,9166000000.0,16180000000.0,3845000000.0
DUK,2013-06-30,False,Q2,2013,10-Q,5879000000.0,821000000.0,339000000.0,0.48,0.48,1.545,114100000000.0,9875000000.0,10015000000.0,1571000000.0,40201000000.0,2843000000.0,-2562000000.0,-134000000.0,39582000000.0,16345000000.0,2715000000.0
DUK,2018-12-31,False,FY,2018,10-K,24521000000.0,4685000000.0,2666000000.0,3.76,3.76,3.635,145392000000.0,9714000000.0,15041000000.0,442000000.0,43834000000.0,7186000000.0,-10060000000.0,2960000000.0,57939000000.0,19303000000.0,9389000000.0
DUK,2013-03-31,False,Q1,2013,10-Q,5898000000.0,1215000000.0,634000000.0,0.89,0.89,0.765,113666000000.0,9549000000.0,9965000000.0,1296000000.0,41030000000.0,1091000000.0,-1465000000.0,246000000.0,39662000000.0,16371000000.0,1375000000.0
DUK,2013-09-30,False,Q3,2013,10-Q,6709000000.0,1743000000.0,1004000000.0,1.42,1.42,0.0,114590000000.0,10418000000.0,9239000000.0,2166000000.0,41237000000.0,4990000000.0,-3566000000.0,-682000000.0,39709000000.0,16345000000.0,3854000000.0
DUK,2014-03-31,False,Q1,2014,10-Q,6624000000.0,58000000.0,-97000000.0,-0.14,-0.14,0.78,113792000000.0,10565000000.0,7492000000.0,1531000000.0,40789000000.0,1373000000.0,-1286000000.0,-57000000.0,39885000000.0,16342000000.0,1232000000.0
DUK,2011-12-31,False,FY,2011,10-K,14529000000.0,2777000000.0,1702000000.0,1.28,1.28,0.99,62526000000.0,6880000000.0,5528000000.0,2110000000.0,22865000000.0,3672000000.0,-4434000000.0,1202000000.0,21000000000.0,3849000000.0,4363000000.0
DUK,2015-03-31,False,Q1,2015,10-Q,6065000000.0,1456000000.0,864000000.0,1.22,1.22,0.795,122142000000.0,12322000000.0,11903000000.0,2821000000.0,41087000000.0,1440000000.0,-1456000000.0,801000000.0,39973000000.0,16329000000.0,1411000000.0
DUK,2014-06-30,False,Q2,2014,10-Q,5949000000.0,1116000000.0,609000000.0,0.86,0.86,0.78,115173000000.0,11515000000.0,8708000000.0,2008000000.0,40881000000.0,2619000000.0,-2367000000.0,255000000.0,40593000000.0,16343000000.0,2400000000.0
DUK,2014-09-30,False,Q3,2014,10-Q,6395000000.0,1619000000.0,1274000000.0,1.8,1.8,0.795,119656000000.0,11575000000.0,8251000000.0,1931000000.0,41453000000.0,5167000000.0,-3734000000.0,-1003000000.0,39858000000.0,16331000000.0,3755000000.0
DUK,2012-12-31,False,FY,2012,10-K,19624000000.0,3126000000.0,1768000000.0,3.07,3.07,3.03,113856000000.0,10122000000.0,10029000000.0,1424000000.0,40941000000.0,5244000000.0,-6197000000.0,267000000.0,40518000000.0,16365000000.0,5501000000.0
DUK,2015-06-30,False,Q2,2015,10-Q,5589000000.0,1246000000.0,543000000.0,0.78,0.78,0.795,118575000000.0,9598000000.0,9646000000.0,960000000.0,39617000000.0,2879000000.0,-294000000.0,-3661000000.0,39169000000.0,16328000000.0,3062000000.0
DUK,2009-06-30,False,Q2,2009,10-Q,2913000000.0,528000000.0,276000000.0,0.21,0.21,0.47,54709000000.0,5391000000.0,4141000000.0,706000000.0,21360000000.0,1017000000.0,-2133000000.0,836000000.0,,4741000000.0,1900000000.0
DUK,2009-09-30,False,Q3,2009,10-Q,3396000000.0,445000000.0,109000000.0,0.08,0.08,0.0,55774000000.0,5815000000.0,3718000000.0,1606000000.0,21745000000.0,2542000000.0,-3221000000.0,1299000000.0,,4383000000.0,3024000000.0
DUK,2009-12-31,False,FY,2009,10-K,12731000000.0,2249000000.0,1075000000.0,0.83,0.83,0.94,57040000000.0,5766000000.0,4088000000.0,1542000000.0,21886000000.0,3463000000.0,-4492000000.0,1585000000.0,,4350000000.0,4296000000.0
DUK,2010-03-31,False,Q1,2010,10-Q,3594000000.0,,445000000.0,0.34,0.34,0.24,57633000000.0,5491000000.0,3854000000.0,1080000000.0,22048000000.0,1121000000.0,-1236000000.0,-347000000.0,,4349000000.0,1179000000.0
DUK,2010-06-30,False,Q2,2010,10-Q,3287000000.0,-14000000.0,-223000000.0,-0.17,-0.17,0.485,56400000000.0,5443000000.0,3837000000.0,1010000000.0,21263000000.0,2124000000.0,-2508000000.0,-148000000.0,,3848000000.0,2325000000.0
DUK,2013-12-31,False,FY,2013,10-K,24598000000.0,4982000000.0,2665000000.0,3.77,3.76,3.09,114779000000.0,10516000000.0,8644000000.0,1501000000.0,41408000000.0,6382000000.0,-4978000000.0,-1327000000.0,41095000000.0,16340000000.0,5526000000.0
DUK,2010-09-30,False,Q3,2010,10-Q,3946000000.0,1033000000.0,670000000.0,0.51,0.51,0.0,57857000000.0,6037000000.0,3665000000.0,1808000000.0,22149000000.0,3661000000.0,-3525000000.0,130000000.0,,3857000000.0,3481000000.0
DUK,2011-03-31,False,Q1,2011,10-Q,3663000000.0,814000000.0,511000000.0,0.38,0.38,0.245,58986000000.0,5545000000.0,4197000000.0,1419000000.0,22856000000.0,961000000.0,-918000000.0,-294000000.0,,3862000000.0,1006000000.0
DUK,2010-12-31,False,FY,2010,10-K,14272000000.0,2461000000.0,1320000000.0,1.0,1.0,0.97,59090000000.0,6223000000.0,3897000000.0,1670000000.0,22653000000.0,4511000000.0,-4423000000.0,40000000.0,18426000000.0,3858000000.0,4803000000.0
DUK,2016-03-31,False,Q1,2016,10-Q,5622000000.0,1333000000.0,694000000.0,1.01,1.01,0.825,121709000000.0,7943000000.0,10891000000.0,778000000.0,39941000000.0,1664000000.0,-1758000000.0,15000000.0,40307000000.0,16349000000.0,1645000000.0
DUK,2011-09-30,False,Q3,2011,10-Q,3964000000.0,767000000.0,472000000.0,0.35,0.35,0.0,60776000000.0,6273000000.0,5115000000.0,2032000000.0,22899000000.0,3027000000.0,-3070000000.0,405000000.0,,3847000000.0,2990000000.0
DUK,2016-06-30,False,Q2,2016,10-Q,5484000000.0,1145000000.0,509000000.0,0.74,0.74,0.825,122654000000.0,8097000000.0,9906000000.0,676000000.0,39948000000.0,3206000000.0,-3608000000.0,221000000.0,42273000000.0,16357000000.0,3393000000.0
DUK,2016-09-30,False,Q3,2016,10-Q,6821000000.0,2022000000.0,1176000000.0,1.7,1.7,0.855,129686000000.0,13534000000.0,12076000000.0,6179000000.0,40546000000.0,5592000000.0,-5555000000.0,5285000000.0,47165000000.0,16354000000.0,5242000000.0
DUK,2015-09-30,False,Q3,2015,10-Q,6483000000.0,1688000000.0,932000000.0,1.35,1.35,0.825,121033000000.0,10195000000.0,10516000000.0,1370000000.0,39868000000.0,5396000000.0,-3291000000.0,-2771000000.0,40203000000.0,16312000000.0,4642000000.0
DUK,2011-06-30,False,Q2,2011,10-Q,3534000000.0,679000000.0,435000000.0,0.33,0.33,0.495,59792000000.0,5634000000.0,4386000000.0,1362000000.0,22702000000.0,1717000000.0,-1838000000.0,-187000000.0,,3868000000.0,1938000000.0
DUK,2015-12-31,False,FY,2015,10-K,23459000000.0,5367000000.0,2816000000.0,4.05,4.05,3.24,121156000000.0,8322000000.0,11400000000.0,857000000.0,39771000000.0,6676000000.0,-5277000000.0,-2578000000.0,43202000000.0,16343000000.0,6766000000.0
DUK,2017-03-31,False,Q1,2017,10-Q,5729000000.0,1437000000.0,716000000.0,1.02,1.02,0.855,134108000000.0,8005000000.0,10941000000.0,878000000.0,41186000000.0,1289000000.0,-2399000000.0,1596000000.0,48998000000.0,19425000000.0,2160000000.0
DUK,2017-09-30,False,Q3,2017,10-Q,6482000000.0,1695000000.0,954000000.0,1.36,1.36,0.89,136325000000.0,7706000000.0,10820000000.0,282000000.0,41642000000.0,5011000000.0,-6360000000.0,1239000000.0,51414000000.0,19418000000.0,5841000000.0
DUK,2017-06-30,False,Q2,2017,10-Q,5555000000.0,1387000000.0,686000000.0,0.98,0.98,0.855,135004000000.0,7673000000.0,12466000000.0,298000000.0,41294000000.0,2756000000.0,-4324000000.0,1474000000.0,49515000000.0,19425000000.0,3931000000.0
DUK,2016-12-31,False,FY,2016,10-K,22743000000.0,5341000000.0,2152000000.0,3.11,3.11,3.36,132761000000.0,8039000000.0,11551000000.0,392000000.0,41041000000.0,6798000000.0,-11533000000.0,4270000000.0,50382000000.0,19425000000.0,7901000000.0
DUK,2018-03-31,False,Q1,2018,10-Q,6135000000.0,1256000000.0,620000000.0,0.88,0.88,0.89,138541000000.0,8279000000.0,12998000000.0,421000000.0,41798000000.0,1391000000.0,-2264000000.0,947000000.0,52981000000.0,19396000000.0,2087000000.0
DUK,2018-06-30,False,Q2,2018,10-Q,5643000000.0,979000000.0,500000000.0,0.71,0.71,0.89,140259000000.0,8476000000.0,12791000000.0,304000000.0,42515000000.0,3302000000.0,-4645000000.0,1265000000.0,52715000000.0,19396000000.0,4375000000.0
DUK,2018-09-30,False,Q3,2018,10-Q,6628000000.0,1579000000.0,1082000000.0,1.51,1.51,0.9275,143165000000.0,9520000000.0,13922000000.0,303000000.0,43013000000.0,5667000000.0,-7270000000.0,1547000000.0,53962000000.0,19303000000.0,6752000000.0
DUK,2017-12-31,False,FY,2017,10-K,23565000000.0,5781000000.0,3059000000.0,4.36,4.36,3.49,137914000000.0,8453000000.0,12482000000.0,358000000.0,41737000000.0,6634000000.0,-8450000000.0,1782000000.0,54442000000.0,19396000000.0,8052000000.0
DUK,2017-12-31,False,FY,2017,10-K,23565000000.0,5781000000.0,3059000000.0,4.36,4.36,3.49,137914000000.0,8453000000.0,12482000000.0,358000000.0,41737000000.0,6634000000.0,-8450000000.0,1782000000.0,54442000000.0,19396000000.0,8052000000.0
DUK,2014-12-31,False,FY,2014,10-K,23925000000.0,5258000000.0,1883000000.0,2.66,2.66,3.15,120709000000.0,11575000000.0,11233000000.0,2036000000.0,40899000000.0,6586000000.0,-5373000000.0,-678000000.0,42534000000.0,16321000000.0,5384000000.0
