symbol,end_date,amend,period_focus,fiscal_year,doc_type,revenues,op_income,net_income,eps_basic,eps_diluted,dividend,assets,cur_assets,cur_liab,cash,equity,cash_flow_op,cash_flow_inv,cash_flow_fin,debt,goodwill,cap_ex
DVA,2011-09-30,False,Q3,2011,10-Q,1807869000.0,318712000.0,135344000.0,1.45,1.42,0.0,8706668000.0,2370167000.0,1205920000.0,541206000.0,2082392000.0,1029387000.0,-1133007000.0,-215291000.0,4499965000.0,4769965000.0,251879000.0
DVA,2010-12-31,False,FY,2010,10-K,6516044000.0,997027000.0,405615000.0,4.0,3.94,0.0,8114424000.0,2622854000.0,924345000.0,860117000.0,2037134000.0,839683000.0,-436633000.0,-82392000.0,4308742000.0,4091307000.0,273602000.0
DVA,2011-06-30,False,Q2,2011,10-Q,1711529000.0,247046000.0,100015000.0,1.05,1.03,0.0,8192721000.0,2513364000.0,1035611000.0,729825000.0,1946126000.0,534193000.0,-308556000.0,-355929000.0,4286049000.0,4227386000.0,154929000.0
DVA,2011-03-31,False,Q1,2011,10-Q,1605958000.0,235553000.0,94502000.0,0.98,0.96,0.0,8322941000.0,2726916000.0,1007373000.0,1006010000.0,2136901000.0,329783000.0,-145388000.0,-38502000.0,4292752000.0,4182076000.0,67530000.0
DVA,2010-06-30,False,Q2,2010,10-Q,1586907000.0,242365000.0,107853000.0,1.05,1.04,0.0,7577681000.0,2265150000.0,1118818000.0,574716000.0,2356808000.0,557766000.0,-169803000.0,-352706000.0,3384113000.0,4013711000.0,99351000.0
DVA,2010-09-30,False,Q3,2010,10-Q,1651649000.0,256591000.0,119387000.0,1.16,1.15,0.0,7627105000.0,2262005000.0,1111784000.0,534565000.0,2376476000.0,719132000.0,-285313000.0,-438713000.0,3362442000.0,4053123000.0,169376000.0
DVA,2012-06-30,False,Q2,2012,10-Q,1984156000.0,247882000.0,95337000.0,1.01,0.99,0.0,9254933000.0,2178751000.0,1235864000.0,273445000.0,2507947000.0,533979000.0,-587211000.0,-66967000.0,4498470000.0,5258056000.0,250508000.0
DVA,2011-12-31,False,FY,2011,10-K,7309901000.0,1130782000.0,478001000.0,5.05,4.96,0.0,8892172000.0,2281608000.0,1153116000.0,393752000.0,2268125000.0,1180046000.0,-1399228000.0,-247183000.0,4504969000.0,4946976000.0,400156000.0
DVA,2010-03-31,False,Q1,2010,10-Q,1559418000.0,242666000.0,109423000.0,1.05,1.04,0.0,7691718000.0,2461251000.0,1047475000.0,755909000.0,2318636000.0,261847000.0,-23563000.0,-21834000.0,,3942386000.0,42585000.0
DVA,2012-03-31,False,Q1,2012,10-Q,1919643000.0,320720000.0,140120000.0,1.49,1.46,0.0,9157084000.0,2374400000.0,1242115000.0,449290000.0,2401930000.0,331874000.0,-233690000.0,-42657000.0,4491511000.0,5064577000.0,112459000.0
DVA,2012-09-30,False,Q3,2012,10-Q,2022769000.0,340859000.0,144721000.0,1.52,1.5,0.0,10824112000.0,2325674000.0,1336837000.0,382194000.0,2670385000.0,900613000.0,-786757000.0,-125457000.0,5738537000.0,5324960000.0,378949000.0
DVA,2012-12-31,False,FY,2012,10-K,10636370000.0,1297084000.0,536017000.0,5.58,5.47,0.0,16018596000.0,2878794000.0,2018174000.0,533748000.0,3928048000.0,1100848000.0,-4832450000.0,3872384000.0,8554325000.0,8964969000.0,550146000.0
DVA,2009-06-30,False,Q2,2009,10-Q,1519041000.0,235954000.0,105819000.0,1.02,1.02,0.0,7441034000.0,2233397000.0,1108840000.0,544113000.0,2056495000.0,346632000.0,-160372000.0,-53028000.0,,3908290000.0,138205000.0
DVA,2009-09-30,False,Q3,2009,10-Q,1573915000.0,245001000.0,110930000.0,1.07,1.06,0.0,7537708000.0,2308533000.0,1113509000.0,581680000.0,2138333000.0,514119000.0,-248748000.0,-94572000.0,,3932964000.0,205653000.0
DVA,2013-06-30,False,Q2,2013,10-Q,2871673000.0,522020000.0,254117000.0,2.42,2.37,0.0,16455509000.0,3131834000.0,2214888000.0,617904000.0,4282284000.0,686026000.0,-347887000.0,-253749000.0,,9056589000.0,258396000.0
DVA,2013-03-31,False,Q1,2013,10-Q,2829582000.0,166861000.0,30164000.0,0.29,0.28,0.0,16413477000.0,3191168000.0,2325239000.0,699671000.0,3956531000.0,379207000.0,-146011000.0,-67392000.0,8505478000.0,9015035000.0,116724000.0
DVA,2013-09-30,False,Q3,2013,10-Q,2999586000.0,377074000.0,136628000.0,0.65,0.64,0.0,16827319000.0,3381408000.0,2453126000.0,970694000.0,4437431000.0,1419154000.0,-577086000.0,-404223000.0,,9144242000.0,399527000.0
DVA,2013-12-31,False,FY,2013,10-K,11890346000.0,1550134000.0,633446000.0,3.02,2.95,0.0,17098877000.0,3472278000.0,2462049000.0,946249000.0,4605541000.0,1773341000.0,-876882000.0,-482991000.0,,9212974000.0,617597000.0
DVA,2014-09-30,False,Q3,2014,10-Q,3251824000.0,437536000.0,184122000.0,0.87,0.85,0.0,18101416000.0,4178435000.0,2597631000.0,1527035000.0,5151475000.0,1529398000.0,-831185000.0,-119009000.0,,9344641000.0,443507000.0
DVA,2014-03-31,False,Q1,2014,10-Q,3042776000.0,441225000.0,183289000.0,0.87,0.85,0.0,17398342000.0,3707233000.0,2566174000.0,1108069000.0,4837636000.0,419107000.0,-195793000.0,-62125000.0,,9242179000.0,126562000.0
DVA,2015-03-31,True,Q1,2015,10-Q,3287965000.0,-64156000.0,-110617000.0,-0.52,-0.52,0.0,18366663000.0,4300795000.0,2679516000.0,1011271000.0,5170714000.0,410089000.0,-252287000.0,-110868000.0,8498229000.0,9431390000.0,121421000.0
DVA,2014-06-30,False,Q2,2014,10-Q,3172489000.0,484295000.0,147683000.0,0.7,0.68,0.0,17925571000.0,4161247000.0,2608148000.0,1420973000.0,4956825000.0,681498000.0,-442855000.0,236648000.0,,9254043000.0,278593000.0
DVA,2015-03-31,False,Q1,2015,10-Q,3287965000.0,-64156000.0,-110617000.0,-0.52,-0.52,0.0,18366663000.0,4300795000.0,2679516000.0,1011271000.0,5170714000.0,410089000.0,-252287000.0,-110868000.0,8498229000.0,9431390000.0,121421000.0
DVA,2009-12-31,False,FY,2009,10-K,6108800000.0,940271000.0,422684000.0,4.08,4.06,0.0,7558236000.0,2302521000.0,1046941000.0,539459000.0,2194159000.0,666710000.0,-346060000.0,-192072000.0,,3951196000.0,274605000.0
DVA,2014-12-31,False,FY,2014,10-K,12887330000.0,1815141000.0,723114000.0,3.41,3.33,0.0,17942715000.0,3876797000.0,2088652000.0,965241000.0,5360311000.0,1459407000.0,-1277729000.0,-164979000.0,8503434000.0,9415295000.0,641330000.0
DVA,2015-06-30,False,Q2,2015,10-Q,3434618000.0,480548000.0,170477000.0,0.8,0.78,0.0,18946818000.0,4780921000.0,2334290000.0,933735000.0,5346916000.0,441531000.0,-947337000.0,475093000.0,,9450946000.0,290873000.0
DVA,2015-09-30,False,Q3,2015,10-Q,3525665000.0,509368000.0,215872000.0,1.02,1.0,0.0,18894828000.0,4737886000.0,2410554000.0,1047419000.0,5192197000.0,1120527000.0,-1150384000.0,113879000.0,,9487579000.0,462213000.0
DVA,2015-12-31,False,FY,2015,10-K,13798581000.0,1170695000.0,269732000.0,1.27,1.25,0.0,18514875000.0,4503280000.0,2399138000.0,1499116000.0,5084172000.0,1557200000.0,-881784000.0,-138970000.0,,9294479000.0,707998000.0
DVA,2016-06-30,False,Q2,2016,10-Q,3717651000.0,329070000.0,53382000.0,0.26,0.26,0.0,18691630000.0,4496217000.0,2645662000.0,1283416000.0,4958703000.0,945639000.0,-758229000.0,-403554000.0,,9360957000.0,358627000.0
DVA,2016-03-31,False,Q1,2016,10-Q,3651057000.0,364889000.0,97434000.0,0.48,0.47,0.0,18514198000.0,4199560000.0,2443618000.0,1041427000.0,4921732000.0,429002000.0,-554311000.0,-333097000.0,,9485628000.0,173187000.0
DVA,2018-03-31,False,Q1,2018,10-Q,2849444000.0,410686000.0,178686000.0,1.0,0.98,0.0,18942372000.0,8673555000.0,2947523000.0,358874000.0,4782081000.0,362539000.0,-200128000.0,-222547000.0,,6638592000.0,232443000.0
DVA,2017-03-31,False,Q1,2017,10-Q,3697283000.0,888236000.0,447697000.0,2.33,2.29,0.0,19388264000.0,4603900000.0,2813577000.0,1472232000.0,5340591000.0,865174000.0,-250012000.0,-58937000.0,,9452470000.0,214535000.0
DVA,2016-12-31,False,FY,2016,10-K,14875592000.0,1894543000.0,879874000.0,4.36,4.29,0.0,18741257000.0,3980228000.0,2696445000.0,913187000.0,4849741000.0,1963444000.0,-1201668000.0,-1351981000.0,,9407317000.0,829095000.0
DVA,2017-09-30,False,Q3,2017,10-Q,3925402000.0,-192523000.0,-214476000.0,-1.14,-1.14,0.0,19013339000.0,4033549000.0,2874793000.0,846110000.0,4969129000.0,1564539000.0,-1107233000.0,-529832000.0,,9415877000.0,639829000.0
DVA,2017-06-30,False,Q2,2017,10-Q,3900750000.0,378316000.0,127001000.0,0.66,0.65,0.0,19341784000.0,4023768000.0,2773325000.0,711997000.0,5271896000.0,1011444000.0,-851648000.0,-365178000.0,,9889791000.0,398940000.0
DVA,2016-09-30,False,Q3,2016,10-Q,3731416000.0,819156000.0,571332000.0,2.8,2.76,0.0,18925653000.0,4261359000.0,2639469000.0,913496000.0,5119391000.0,1481262000.0,-1257242000.0,-807976000.0,,9382996000.0,575243000.0
DVA,2017-12-31,False,FY,2017,10-K,11005330000.0,1812755000.0,663618000.0,3.52,3.47,0.0,18948193000.0,8744358000.0,3041177000.0,508234000.0,4886066000.0,1907449000.0,-1366731000.0,-766257000.0,,6610279000.0,905250000.0
DVA,2018-06-30,False,Q2,2018,10-Q,2886953000.0,438192000.0,267276000.0,1.56,1.53,0.0,19435564000.0,9085362000.0,4783778000.0,389264000.0,4484507000.0,924575000.0,-424064000.0,-305909000.0,,6678559000.0,473977000.0
DVA,2018-09-30,False,Q3,2018,10-Q,2847330000.0,289038000.0,-136796000.0,-0.82,-0.82,0.0,19357789000.0,8929501000.0,4855104000.0,448215000.0,4029262000.0,1382248000.0,-661319000.0,-423339000.0,,6702659000.0,705659000.0
