symbol,end_date,amend,period_focus,fiscal_year,doc_type,revenues,op_income,net_income,eps_basic,eps_diluted,dividend,assets,cur_assets,cur_liab,cash,equity,cash_flow_op,cash_flow_inv,cash_flow_fin,debt,goodwill,cap_ex
DWSN,2018-12-31,False,FY,2018,10-K,154156000.0,-25027000.0,-24407000.0,-1.07,-1.07,0.0,150685000.0,77025000.0,27288000.0,28729000.0,117016000.0,12871000.0,-8596000.0,2517000.0,5975000.0,,15745000.0
TGE,2013-06-30,False,Q2,2013,10-Q,31487231.0,-5620291.0,-4004029.0,-0.18,-0.18,0.0,119489185.0,44970756.0,23743929.0,24806819.0,78537700.0,23085199.0,239059.0,-7008528.0,,201530.0,458271.0
TGE,2012-06-30,False,Q2,2012,10-Q,30383957.0,-2860233.0,-1974121.0,-0.1,-0.1,0.0,139689075.0,55047436.0,42769987.0,24259157.0,74385533.0,34425053.0,-20834079.0,-5067080.0,,201530.0,22376129.0
TGE,2012-09-30,False,Q3,2012,10-Q,41834680.0,2096231.0,1111642.0,0.05,0.05,0.0,135564305.0,54351168.0,38183323.0,21481441.0,77544272.0,36565396.0,-21977458.0,-8958031.0,,201530.0,23673444.0
TGE,2011-12-31,False,FY,2011,10-K,151028582.0,18164890.0,10833215.0,0.56,0.55,0.0,99881227.0,41804996.0,21948467.0,15745559.0,63719680.0,34174167.0,-21270845.0,-10172831.0,,201530.0,22011503.0
TGE,2011-12-31,True,FY,2011,10-K,151028582.0,18164890.0,10833215.0,0.56,0.55,0.0,99881227.0,41804996.0,21948467.0,15745559.0,63719680.0,34174167.0,-21270845.0,-10172831.0,,201530.0,22011503.0
DWSN,2014-12-31,False,FY,2014,10-K,118847754.0,-13547046.0,-9528330.0,-1.3,-1.3,0.0,85122334.0,34900438.0,22418417.0,11363151.0,57061736.0,9255375.0,-963976.0,-13039683.0,12521762.0,201530.0,1379395.0
TGE,2014-06-30,False,Q2,2014,10-Q,18236767.0,-6433887.0,-4032003.0,-0.18,-0.18,0.0,114280063.0,59880108.0,37546053.0,30511752.0,69681728.0,21329177.0,-792955.0,-6273755.0,,201530.0,1086520.0
TGE,2014-09-30,False,Q3,2014,10-Q,26094909.0,-5973323.0,-4009477.0,-0.18,-0.18,0.0,95955749.0,41460550.0,24263783.0,25064116.0,63989670.0,19709387.0,-915989.0,-9681998.0,,201530.0,1258607.0
TGE,2012-12-31,False,FY,2012,10-K,196317215.0,26779411.0,15671879.0,0.76,0.75,0.0,142027838.0,52343724.0,40127631.0,8614244.0,77985561.0,39283062.0,-30265696.0,-16140906.0,25027877.0,201530.0,31970418.0
TGE,2013-09-30,False,Q3,2013,10-Q,21115045.0,-5826611.0,-3951687.0,-0.18,-0.18,0.0,109578173.0,39807967.0,20125632.0,21335800.0,75500124.0,23907216.0,-159943.0,-11121765.0,,201530.0,1250550.0
TGE,2014-03-31,False,Q1,2014,10-Q,48801423.0,7197478.0,4279703.0,0.19,0.19,0.0,114778615.0,56931505.0,33448633.0,15292842.0,71902392.0,3181839.0,-909117.0,-3023042.0,,201530.0,978660.0
TGE,2013-12-31,False,FY,2013,10-K,134534540.0,-7378074.0,-6316041.0,-0.29,-0.29,0.0,98301538.0,34903342.0,17195179.0,16130374.0,69130801.0,22969342.0,-667498.0,-14996672.0,14917991.0,201530.0,1848678.0
TGE,2013-03-31,False,Q1,2013,10-Q,63204413.0,10904862.0,6351472.0,0.29,0.29,0.0,139959297.0,57277853.0,35933808.0,9999433.0,83401137.0,5271194.0,-516353.0,-3301830.0,,201530.0,559335.0
TGE,2012-03-31,False,Q1,2012,10-Q,67045408.0,20474758.0,12384260.0,0.61,0.6,0.0,140396188.0,69457032.0,44596075.0,10661739.0,76851822.0,-374187.0,-2509933.0,-2362273.0,,201530.0,2837982.0
TGE,2011-09-30,False,Q3,2011,10-Q,31013392.0,1889229.0,1046578.0,0.05,0.05,0.0,98225677.0,43076918.0,24975072.0,21738571.0,59394741.0,29967749.0,-13911543.0,-7303709.0,,201530.0,14144555.0
TGE,2011-06-30,False,Q2,2011,10-Q,30215516.0,1213844.0,586775.0,0.03,0.03,0.0,89424240.0,39116857.0,19832920.0,21929881.0,60174471.0,24373937.0,-10899117.0,-4629309.0,,201530.0,11067278.0
DWSN,2015-06-30,False,Q2,2015,10-Q,43335000.0,-18065000.0,-11877000.0,-0.55,-0.55,0.0,265557000.0,95930000.0,29683000.0,37275000.0,218496000.0,12708000.0,18245000.0,-8297000.0,12966000.0,,4083000.0
DWSN,2016-03-31,False,Q1,2016,10-Q,47055000.0,-10631000.0,-8600000.0,-0.4,-0.4,0.0,234450000.0,94953000.0,24793000.0,30378000.0,202034000.0,8763000.0,-13372000.0,-2255000.0,7430000.0,,4232000.0
DWSN,2015-03-31,False,Q1,2015,10-Q,73722000.0,-9814000.0,-6592000.0,-0.37,-0.37,0.0,295961000.0,117029000.0,39753000.0,20642000.0,230181000.0,-3262000.0,13046000.0,-3685000.0,16795000.0,,1189000.0
DWSN,2017-06-30,False,Q2,2017,10-Q,30469000.0,-15385000.0,-14809000.0,-0.68,-0.68,0.0,169300000.0,71213000.0,19958000.0,35179000.0,147677000.0,-1876000.0,24039000.0,-1859000.0,508000.0,,7671000.0
DWSN,2017-03-31,False,Q1,2017,10-Q,41927000.0,-12141000.0,-9154000.0,-0.42,-0.42,0.0,180038000.0,73623000.0,17680000.0,27820000.0,162036000.0,-6749000.0,21089000.0,-1150000.0,1016000.0,,3401000.0
DWSN,2016-09-30,False,Q3,2016,10-Q,28122000.0,-14257000.0,-12416000.0,-0.57,-0.57,0.0,197582000.0,79262000.0,15378000.0,18263000.0,178176000.0,14426000.0,-26571000.0,-6729000.0,3403000.0,,6198000.0
DWSN,2018-03-31,False,Q1,2018,10-Q,49880000.0,-1640000.0,-1709000.0,-0.07,-0.07,0.0,170079000.0,85852000.0,25175000.0,17608000.0,139492000.0,754000.0,-4376000.0,-713000.0,0.0,,4120000.0
DWSN,2015-12-31,False,FY,2015,10-K,234685000.0,-40682000.0,-26279000.0,-1.27,-1.27,0.0,247787000.0,99859000.0,28810000.0,37009000.0,209718000.0,20612000.0,15787000.0,-13606000.0,9492000.0,,6846000.0
DWSN,2015-09-30,False,Q3,2015,10-Q,62498000.0,-4662000.0,-2870000.0,-0.13,-0.13,0.0,260291000.0,103608000.0,31006000.0,39015000.0,214796000.0,17878000.0,17853000.0,-10988000.0,10609000.0,,5123000.0
DWSN,2016-06-30,False,Q2,2016,10-Q,28086000.0,-13266000.0,-11589000.0,-0.54,-0.54,0.0,215555000.0,86820000.0,19183000.0,25695000.0,190401000.0,16224000.0,-23323000.0,-4545000.0,5364000.0,,5326000.0
DWSN,2016-12-31,False,FY,2016,10-K,133330000.0,-49436000.0,-39792000.0,-1.84,-1.84,0.0,187666000.0,75727000.0,14997000.0,14624000.0,170884000.0,8742000.0,-22729000.0,-8483000.0,1938000.0,,8251000.0
DWSN,2017-09-30,False,Q3,2017,10-Q,45627000.0,-4136000.0,-2759000.0,-0.13,-0.13,0.0,171641000.0,74867000.0,18691000.0,30503000.0,145560000.0,-3309000.0,21117000.0,-2563000.0,,,8301000.0
DWSN,2018-06-30,False,Q2,2018,10-Q,36158000.0,-6291000.0,-5711000.0,-0.25,-0.25,0.0,161711000.0,84112000.0,23285000.0,26755000.0,133874000.0,12838000.0,-6223000.0,-1485000.0,0.0,,6152000.0
DWSN,2018-09-30,False,Q3,2018,10-Q,40448000.0,-5234000.0,-5171000.0,-0.23,-0.23,0.0,161037000.0,82367000.0,23812000.0,28163000.0,129257000.0,12772000.0,-10651000.0,4191000.0,6518000.0,,10760000.0
DWSN,2017-12-31,False,FY,2017,10-K,157148000.0,-37440000.0,-31266000.0,-1.44,-1.44,0.0,165238000.0,77106000.0,17809000.0,22013000.0,141252000.0,-6703000.0,16788000.0,-3420000.0,0.0,,8675000.0
