symbol,end_date,amend,period_focus,fiscal_year,doc_type,revenues,op_income,net_income,eps_basic,eps_diluted,dividend,assets,cur_assets,cur_liab,cash,equity,cash_flow_op,cash_flow_inv,cash_flow_fin,debt,goodwill,cap_ex
EBAY,2012-03-31,False,Q1,2012,10-Q,3277000000.0,653000000.0,570000000.0,0.44,0.44,0.0,28207000000.0,13089000000.0,6965000000.0,4164000000.0,18709000000.0,531000000.0,-893000000.0,-219000000.0,,8440000000.0,242000000.0
EBAY,2010-06-30,False,Q2,2010,10-Q,2215379000.0,484565000.0,412192000.0,0.31,0.31,0.0,18747584000.0,8675313000.0,3564261000.0,4037442000.0,14169291000.0,1144641000.0,-835635000.0,50363000.0,,5921852000.0,359457000.0
EBAY,2010-09-30,False,Q3,2010,10-Q,2249488000.0,490176000.0,431929000.0,0.33,0.33,0.0,19948062000.0,9454528000.0,3808909000.0,4180907000.0,15033952000.0,1891755000.0,-1390732000.0,-259086000.0,,6121481000.0,526445000.0
EBAY,2011-09-30,False,Q3,2011,10-Q,2965761000.0,536821000.0,490503000.0,0.38,0.37,0.0,24900537000.0,9762345000.0,6145152000.0,2998950000.0,16165326000.0,2291414000.0,-4768895000.0,-190485000.0,1528158000.0,8341910000.0,671851000.0
EBAY,2011-06-30,False,Q2,2011,10-Q,2760274000.0,518899000.0,283407000.0,0.22,0.22,0.0,24833954000.0,9861092000.0,6143272000.0,3265826000.0,16209882000.0,1482346000.0,-3805635000.0,-166340000.0,1530211000.0,8263705000.0,388351000.0
EBAY,2012-06-30,False,Q2,2012,10-Q,3398000000.0,695000000.0,692000000.0,0.54,0.53,0.0,28258000000.0,13278000000.0,6800000000.0,4038000000.0,18912000000.0,1299000000.0,-1474000000.0,-434000000.0,,8417000000.0,599000000.0
EBAY,2011-03-31,False,Q1,2011,10-Q,2545609000.0,564654000.0,475865000.0,0.37,0.36,0.0,23004860000.0,11514828000.0,4763549000.0,5464582000.0,15944413000.0,699610000.0,-596573000.0,-338592000.0,1494482000.0,6445103000.0,148568000.0
EBAY,2010-12-31,False,FY,2010,10-K,9156274000.0,2053571000.0,1800961000.0,1.38,1.36,0.0,22003762000.0,11065338000.0,4516514000.0,5577411000.0,15302179000.0,2745760000.0,-2282470000.0,1234406000.0,1794227000.0,6193163000.0,723912000.0
EBAY,2011-12-31,False,FY,2011,10-K,11651654000.0,2373489000.0,3229387000.0,2.5,2.46,0.0,27320218000.0,12661454000.0,6734204000.0,4691101000.0,17929879000.0,3273674000.0,-3306862000.0,-838496000.0,2094396000.0,8364989000.0,963498000.0
EBAY,2013-03-31,False,Q1,2013,10-Q,3748000000.0,800000000.0,677000000.0,0.52,0.51,0.0,38000000000.0,22336000000.0,11720000000.0,6530000000.0,21112000000.0,937000000.0,-719000000.0,-411000000.0,,8455000000.0,299000000.0
EBAY,2013-09-30,False,Q3,2013,10-Q,3892000000.0,799000000.0,689000000.0,0.53,0.53,0.0,40067000000.0,23476000000.0,12028000000.0,5280000000.0,22767000000.0,3282000000.0,-3994000000.0,-854000000.0,,8566000000.0,969000000.0
EBAY,2013-06-30,False,Q2,2013,10-Q,3877000000.0,750000000.0,640000000.0,0.49,0.49,0.0,38550000000.0,23446000000.0,11670000000.0,6855000000.0,21651000000.0,1948000000.0,-1090000000.0,-763000000.0,,8394000000.0,652000000.0
EBAY,2013-12-31,False,FY,2013,10-K,16047000000.0,3371000000.0,2856000000.0,2.2,2.18,0.0,41488000000.0,23283000000.0,12639000000.0,4494000000.0,23647000000.0,4995000000.0,-6012000000.0,-1354000000.0,4119000000.0,9267000000.0,1250000000.0
EBAY,2012-12-31,False,FY,2012,10-K,14072000000.0,2888000000.0,2609000000.0,2.02,1.99,0.0,37074000000.0,21398000000.0,10924000000.0,6817000000.0,20865000000.0,3838000000.0,-3763000000.0,1951000000.0,4532000000.0,8537000000.0,1257000000.0
EBAY,2012-09-30,False,Q3,2012,10-Q,3404000000.0,667000000.0,597000000.0,0.46,0.45,0.0,32502000000.0,17410000000.0,7061000000.0,7331000000.0,19913000000.0,2453000000.0,-1904000000.0,2082000000.0,,8492000000.0,961000000.0
EBAY,2009-06-30,False,Q2,2009,10-Q,2097992000.0,411689000.0,327342000.0,0.25,0.25,0.0,16566289000.0,6249900000.0,3730364000.0,2573617000.0,11921572000.0,1399245000.0,-1428184000.0,-583661000.0,,7796090000.0,219388000.0
EBAY,2009-09-30,False,Q3,2009,10-Q,2237852000.0,442941000.0,349736000.0,0.27,0.27,0.0,17356372000.0,6473587000.0,3646678000.0,2557859000.0,12751167000.0,2137486000.0,-2031583000.0,-782043000.0,,8016465000.0,394156000.0
EBAY,2010-03-31,False,Q1,2010,10-Q,2196057000.0,488609000.0,397653000.0,0.31,0.3,0.0,18690178000.0,8277438000.0,3587011000.0,3593003000.0,14125109000.0,418262000.0,-700969000.0,-7390000.0,,6130156000.0,152256000.0
EBAY,2009-12-31,False,FY,2009,10-K,8727362000.0,1456766000.0,2389097000.0,1.85,1.83,0.0,18408320000.0,8460208000.0,3641968000.0,3999818000.0,13787648000.0,2908086000.0,-1149383000.0,-945656000.0,,6143086000.0,567094000.0
EBAY,2015-03-31,False,Q1,2015,10-Q,4448000000.0,732000000.0,626000000.0,0.51,0.51,0.0,44841000000.0,26514000000.0,17611000000.0,5473000000.0,19538000000.0,1151000000.0,-724000000.0,-985000000.0,0.0,8965000000.0,322000000.0
EBAY,2014-03-31,False,Q1,2014,10-Q,4262000000.0,878000000.0,-2326000000.0,-1.82,-1.82,0.0,40545000000.0,22359000000.0,15741000000.0,4415000000.0,19609000000.0,1174000000.0,532000000.0,-1793000000.0,,9257000000.0,206000000.0
EBAY,2016-09-30,False,Q3,2016,10-Q,2217000000.0,542000000.0,413000000.0,0.37,0.36,0.0,20502000000.0,9783000000.0,3763000000.0,1753000000.0,6819000000.0,2206000000.0,-2568000000.0,182000000.0,7582000000.0,4727000000.0,490000000.0
EBAY,2015-09-30,False,Q3,2015,10-Q,2099000000.0,578000000.0,539000000.0,0.45,0.45,0.0,18338000000.0,8280000000.0,4436000000.0,2387000000.0,6492000000.0,2993000000.0,-3288000000.0,-3332000000.0,0.0,4442000000.0,539000000.0
EBAY,2014-12-31,False,FY,2014,10-K,17902000000.0,3514000000.0,46000000.0,0.04,0.04,0.0,45132000000.0,26531000000.0,17531000000.0,6328000000.0,19906000000.0,5677000000.0,-2673000000.0,-1022000000.0,7600000000.0,9094000000.0,1271000000.0
EBAY,2015-12-31,False,FY,2015,10-K,8592000000.0,2197000000.0,1725000000.0,1.43,1.42,0.0,17785000000.0,7904000000.0,2263000000.0,1832000000.0,6576000000.0,4033000000.0,-3611000000.0,-4554000000.0,6750000000.0,4451000000.0,668000000.0
EBAY,2016-03-31,False,Q1,2016,10-Q,2137000000.0,614000000.0,482000000.0,0.42,0.41,0.0,19608000000.0,9703000000.0,2107000000.0,2686000000.0,6317000000.0,641000000.0,-1075000000.0,1222000000.0,9030000000.0,4519000000.0,158000000.0
EBAY,2016-06-30,False,Q2,2016,10-Q,2230000000.0,531000000.0,435000000.0,0.38,0.38,0.0,19993000000.0,9914000000.0,2206000000.0,2001000000.0,6453000000.0,1404000000.0,-1973000000.0,685000000.0,9054000000.0,4487000000.0,305000000.0
EBAY,2016-12-31,False,FY,2016,10-K,8979000000.0,2325000000.0,7266000000.0,6.41,6.35,0.0,23847000000.0,8875000000.0,3847000000.0,1816000000.0,10539000000.0,2826000000.0,-2008000000.0,-744000000.0,7509000000.0,4501000000.0,626000000.0
EBAY,2017-03-31,False,Q1,2017,10-Q,2217000000.0,546000000.0,1035000000.0,0.96,0.94,0.0,24808000000.0,8493000000.0,4433000000.0,1979000000.0,11595000000.0,582000000.0,-115000000.0,-418000000.0,6756000000.0,4648000000.0,135000000.0
EBAY,2014-09-30,False,Q3,2014,10-Q,4353000000.0,781000000.0,673000000.0,0.54,0.54,0.0,44476000000.0,25654000000.0,16491000000.0,4790000000.0,19810000000.0,4036000000.0,-3745000000.0,43000000.0,0.0,9220000000.0,902000000.0
EBAY,2014-06-30,False,Q2,2014,10-Q,4366000000.0,794000000.0,676000000.0,0.54,0.53,0.0,41640000000.0,22378000000.0,17538000000.0,3834000000.0,18970000000.0,2668000000.0,-1129000000.0,-2238000000.0,,9367000000.0,475000000.0
EBAY,2017-06-30,False,Q2,2017,10-Q,2328000000.0,478000000.0,27000000.0,0.03,0.02,0.0,27483000000.0,10906000000.0,4596000000.0,2636000000.0,11474000000.0,1281000000.0,-2126000000.0,1514000000.0,9251000000.0,4665000000.0,317000000.0
EBAY,2017-09-30,False,Q3,2017,10-Q,2409000000.0,578000000.0,523000000.0,0.49,0.48,0.0,25943000000.0,7858000000.0,3190000000.0,1760000000.0,11283000000.0,2158000000.0,-1510000000.0,-888000000.0,9249000000.0,4669000000.0,474000000.0
EBAY,2015-06-30,False,Q2,2015,10-Q,4379000000.0,741000000.0,83000000.0,0.07,0.07,0.0,45658000000.0,28549000000.0,17060000000.0,4971000000.0,19805000000.0,2307000000.0,-2420000000.0,-978000000.0,0.0,7902000000.0,720000000.0
EBAY,2018-03-31,False,Q1,2018,10-Q,2580000000.0,579000000.0,407000000.0,0.4,0.4,0.0,24555000000.0,6763000000.0,2568000000.0,2527000000.0,7596000000.0,495000000.0,1698000000.0,-1825000000.0,9208000000.0,4815000000.0,158000000.0
