symbol,end_date,amend,period_focus,fiscal_year,doc_type,revenues,op_income,net_income,eps_basic,eps_diluted,dividend,assets,cur_assets,cur_liab,cash,equity,cash_flow_op,cash_flow_inv,cash_flow_fin,debt,goodwill,cap_ex
EBMT,2012-03-31,False,Q3,2012,10-Q,4830000.0,,658000.0,0.18,0.17,0.0,332168000.0,,,15604000.0,53461000.0,-4694000.0,13184000.0,-2426000.0,,,122000.0
EBMT,2011-12-31,False,Q2,2012,10-Q,4735000.0,,487000.0,0.13,0.12,0.0,331873000.0,,,8533000.0,53191000.0,-3944000.0,5032000.0,-2095000.0,,,71000.0
EBMT,2018-09-30,False,Q3,2018,10-Q,12586000.0,,1632000.0,0.3,0.3,0.0,839967000.0,,,7889000.0,91992000.0,9113000.0,-37404000.0,29822000.0,24860000.0,12124000.0,5960000.0
EBMT,2013-06-30,False,FY,2013,10-K,25112000.0,,1973.0,0.51,0.5,0.0,510534000.0,,,6161000.0,49232000.0,-6875000.0,-13128000.0,6350000.0,,6890000.0,1391000.0
EBMT,2011-09-30,False,Q1,2012,10-Q,4222000.0,,428000.0,0.11,0.11,0.07125,335908000.0,,,10603000.0,53398000.0,1408000.0,-2266000.0,1921000.0,,,60000.0
EBMT,2013-09-30,False,Q1,2014,10-Q,7239000.0,,667000.0,0.17,0.17,0.0725,513855000.0,,,7126000.0,48193000.0,2282000.0,-5168000.0,3851000.0,,6890000.0,141000.0
EBMT,2012-12-31,False,Q2,2013,10-Q,5416000.0,,-40000.0,-0.01,-0.01,0.0,508121000.0,,,26161000.0,53443000.0,-5306000.0,13169000.0,-1516000.0,,6890000.0,762000.0
EBMT,2012-09-30,False,Q1,2013,10-Q,4800000.0,,422000.0,0.11,0.11,0.07125,320037000.0,,,11740000.0,53979000.0,2791000.0,-2450000.0,-8415000.0,,,156000.0
EBMT,2014-09-30,False,Q1,2015,10-Q,7360000.0,,718000.0,0.18,0.18,0.075,553866000.0,,,3295000.0,52645000.0,-1138000.0,-13766000.0,11995000.0,,7034000.0,228000.0
EBMT,2013-12-31,False,Q2,2014,10-Q,6786000.0,,474000.0,0.12,0.12,0.0725,516387000.0,,,7055000.0,47757000.0,8772000.0,-15006000.0,7128000.0,,7034000.0,788000.0
EBMT,2012-06-30,False,FY,2012,10-K,18270000.0,,2178.0,0.59,0.56,0.0,327299000.0,,,19814000.0,53650000.0,-1547000.0,20738000.0,-8917000.0,,7646000.0,170000.0
EBMT,2013-03-31,False,Q3,2013,10-Q,7382000.0,,907000.0,0.24,0.23,0.07125,512827000.0,,,17038000.0,52960000.0,-894000.0,-6900000.0,5018000.0,,6890000.0,1207000.0
EBMT,2015-03-31,False,Q1,2015,10-Q,7606000.0,,386000.0,0.1,0.1,0.075,559365000.0,,,3506000.0,54821000.0,1525000.0,-7736000.0,-1541000.0,,7034000.0,26000.0
EBMT,2014-03-31,False,Q3,2014,10-Q,6444000.0,,108000.0,0.03,0.03,0.0725,519831000.0,,,9291000.0,49499000.0,15312000.0,-20731000.0,8549000.0,,7034000.0,1586000.0
EBMT,2014-06-30,False,FY,2014,10-K,27322000.0,,2111000.0,0.54,0.53,0.0725,539108000.0,,,6208000.0,51705000.0,9597000.0,-33690000.0,24751000.0,,7034000.0,2320000.0
EBMT,2014-12-31,False,FY,2014,10-K,,,,,,0.0,560207000.0,,,11889000.0,54498000.0,4219000.0,-14845000.0,16309000.0,,7034000.0,448000.0
EBMT,2015-06-30,False,Q2,2015,10-Q,8290000.0,,792000.0,0.21,0.21,0.0,583367000.0,,,8108000.0,53707000.0,3343000.0,-28995000.0,21877000.0,,7034000.0,246000.0
EBMT,2016-09-30,False,Q3,2016,10-Q,10897000.0,,1772000.0,0.46,0.46,0.0,674495000.0,,,6802000.0,60035000.0,9123000.0,-46076000.0,37346000.0,,7034000.0,2136000.0
EBMT,2016-03-31,False,Q1,2016,10-Q,8723000.0,,823000.0,0.22,0.21,0.0775,642971000.0,,,5620000.0,56695000.0,4958000.0,-14981000.0,9198000.0,,7034000.0,212000.0
EBMT,2015-09-30,False,Q3,2015,10-Q,8066000.0,,521000.0,0.14,0.14,0.0,611409000.0,,,6529000.0,54424000.0,7959000.0,-61266000.0,48051000.0,,7034000.0,396000.0
EBMT,2016-06-30,False,Q2,2016,10-Q,9537000.0,,1264000.0,0.34,0.32,0.0,663336000.0,,,5579000.0,59004000.0,3495000.0,-32399000.0,27889000.0,,7034000.0,302000.0
EBMT,2016-12-31,False,FY,2016,10-K,39901000.0,,5132000.0,1.36,1.32,0.0,673925000.0,,,6531000.0,59456000.0,12893000.0,-51130000.0,38117000.0,0.0,7034000.0,2247000.0
EBMT,2015-12-31,False,FY,2015,10-K,32227000.0,,2580000.0,0.68,0.67,0.0,630347000.0,,,6468000.0,55450000.0,4884000.0,-76763000.0,66815000.0,,7034000.0,630000.0
EBMT,2018-03-31,False,Q1,2018,10-Q,10636000.0,,573000.0,0.11,0.11,0.09,815935000.0,,,7679000.0,90948000.0,2107000.0,-5881000.0,9248000.0,24827000.0,12124000.0,4074000.0
EBMT,2018-06-30,False,Q2,2018,10-Q,12060000.0,,1333000.0,0.24,0.24,0.0,826827000.0,,,7583000.0,91805000.0,2728000.0,-19123000.0,17938000.0,24843000.0,12124000.0,4984000.0
EBMT,2017-09-30,False,Q3,2017,10-Q,11212000.0,,1721000.0,0.45,0.45,0.0,702570000.0,,,7371000.0,63346000.0,17434000.0,-39220000.0,22623000.0,,7034000.0,2179000.0
EBMT,2017-12-31,False,FY,2017,10-K,42191000.0,,4103000.0,1.01,0.99,0.0,716782000.0,,,5517000.0,83616000.0,20053000.0,-56793000.0,36859000.0,24811000.0,7034000.0,3535000.0
EBMT,2017-03-31,False,Q1,2017,10-Q,9548000.0,,763000.0,0.2,0.2,0.08,683677000.0,,,5353000.0,60035000.0,11719000.0,-21710000.0,8839000.0,,7034000.0,595000.0
EBMT,2017-06-30,False,Q2,2017,10-Q,10495000.0,,1066000.0,0.28,0.27,0.0,710214000.0,,,7244000.0,62122000.0,7438000.0,-38126000.0,32411000.0,,7034000.0,1119000.0
