symbol,end_date,amend,period_focus,fiscal_year,doc_type,revenues,op_income,net_income,eps_basic,eps_diluted,dividend,assets,cur_assets,cur_liab,cash,equity,cash_flow_op,cash_flow_inv,cash_flow_fin,debt,goodwill,cap_ex
EBS,2013-06-30,False,Q2,2013,10-Q,82436000.0,14712000.0,10484000.0,0.29,0.29,0.0,555614000.0,248159000.0,48778000.0,156243000.0,449082000.0,28202000.0,-14123000.0,455000.0,,5502000.0,14123000.0
EBS,2011-09-30,False,Q3,2011,10-Q,58762000.0,1408000.0,1549000.0,0.04,0.04,0.0,512962000.0,236765000.0,68931000.0,125346000.0,384503000.0,-23971000.0,-35623000.0,16705000.0,,5502000.0,34153000.0
EBS,2013-09-30,False,Q3,2013,10-Q,89102000.0,18147000.0,13491000.0,0.37,0.36,0.0,595464000.0,234015000.0,56632000.0,172561000.0,466857000.0,88327000.0,-58540000.0,1102000.0,,14294000.0,34420000.0
EBS,2013-03-31,False,Q1,2013,10-Q,43100000.0,-13350000.0,-8062000.0,-0.22,-0.22,0.0,538385000.0,237079000.0,43541000.0,130238000.0,435805000.0,-4626000.0,-7679000.0,995000.0,,5502000.0,7679000.0
EBS,2011-12-31,False,FY,2011,10-K,273384000.0,32099000.0,23019000.0,0.65,0.64,0.0,546864000.0,254418000.0,71054000.0,143901000.0,416727000.0,14593000.0,-53963000.0,14251000.0,,5502000.0,54026000.0
EBS,2018-12-31,False,FY,2018,10-K,949300000.0,89800000.0,62700000.0,1.25,1.22,0.0,2229400000.0,620800000.0,200400000.0,112200000.0,1010900000.0,41800000.0,-897200000.0,788700000.0,808800000.0,259700000.0,72100000.0
EBS,2012-06-30,False,Q2,2012,10-Q,70379000.0,8653000.0,7632000.0,0.21,0.21,0.0,527140000.0,243215000.0,44465000.0,161843000.0,422522000.0,34732000.0,-17190000.0,369000.0,62197000.0,5502000.0,30921000.0
EBS,2014-09-30,False,Q3,2014,10-Q,137954000.0,31032000.0,21832000.0,0.58,0.49,0.0,869291000.0,383632000.0,81417000.0,242249000.0,513138000.0,60497000.0,-192788000.0,195185000.0,,41301000.0,14621000.0
EBS,2012-03-31,False,Q1,2012,10-Q,50311000.0,-12538000.0,-6829000.0,-0.19,-0.19,0.0,514687000.0,239542000.0,42995000.0,150425000.0,412095000.0,15820000.0,-8598000.0,-730000.0,,5502000.0,22329000.0
EBS,2012-09-30,False,Q3,2012,10-Q,66592000.0,9817000.0,6617000.0,0.18,0.18,0.0,540025000.0,252935000.0,50572000.0,197901000.0,428412000.0,81629000.0,-27212000.0,-415000.0,63014000.0,5502000.0,40943000.0
EBS,2014-06-30,False,Q2,2014,10-Q,110325000.0,7862000.0,5029000.0,0.13,0.13,0.0,837249000.0,345449000.0,76427000.0,168130000.0,487767000.0,-18426000.0,-187567000.0,194783000.0,,47188000.0,9400000.0
EBS,2013-12-31,False,FY,2013,10-K,312745000.0,42802000.0,31135000.0,0.86,0.85,0.0,626630000.0,273115000.0,56651000.0,179338000.0,489165000.0,96968000.0,-67894000.0,8612000.0,62000000.0,13954000.0,42021000.0
EBS,2012-12-31,False,FY,2012,10-K,281888000.0,29967000.0,23524000.0,0.65,0.65,0.0,564230000.0,263347000.0,61907000.0,141666000.0,442128000.0,39643000.0,-40114000.0,-1765000.0,62774000.0,5502000.0,53845000.0
EBS,2014-03-31,False,Q1,2014,10-Q,53884000.0,-25458000.0,-20236000.0,-0.55,-0.55,0.0,823251000.0,327203000.0,72324000.0,160215000.0,477495000.0,-29245000.0,-182757000.0,192874000.0,,47188000.0,4590000.0
EBS,2014-12-31,False,FY,2014,10-K,450138000.0,58056000.0,36741000.0,0.98,0.88,0.0,945262000.0,432175000.0,92936000.0,280499000.0,553201000.0,112318000.0,-210052000.0,198874000.0,,41984000.0,30673000.0
EBS,2016-03-31,False,Q1,2016,10-Q,111002000.0,8561000.0,3991000.0,0.1,0.1,0.0,1035897000.0,528160000.0,90455000.0,341016000.0,666982000.0,37795000.0,-18214000.0,8629000.0,,54902000.0,18214000.0
EBS,2011-06-30,False,Q2,2011,10-Q,88141000.0,20207000.0,14210000.0,0.4,0.39,0.0,493984000.0,223844000.0,72504000.0,122094000.0,381230000.0,-28807000.0,-19814000.0,2358000.0,,5029000.0,16795000.0
EBS,2015-03-31,False,Q1,2015,10-Q,63633000.0,-28310000.0,-21520000.0,-0.57,-0.57,0.0,917845000.0,405811000.0,80297000.0,216515000.0,537878000.0,-65873000.0,-9082000.0,10996000.0,,41984000.0,9082000.0
EBS,2015-09-30,False,Q3,2015,10-Q,164940000.0,53005000.0,36942000.0,0.95,0.79,0.0,976548000.0,473490000.0,88725000.0,308718000.0,605312000.0,41389000.0,-33631000.0,20477000.0,,52585000.0,33631000.0
EBS,2016-06-30,False,Q2,2016,10-Q,101487000.0,-13620000.0,-10947000.0,-0.27,-0.27,0.0,1056466000.0,528047000.0,103858000.0,333395000.0,672672000.0,35683000.0,-39246000.0,23995000.0,,54902000.0,39246000.0
EBS,2016-09-30,False,Q3,2016,10-Q,142914000.0,35478000.0,21340000.0,0.52,0.45,0.0,932026000.0,479995000.0,110306000.0,298932000.0,547623000.0,62661000.0,-56243000.0,-20420000.0,,41001000.0,56243000.0
EBS,2015-06-30,False,Q2,2015,10-Q,126112000.0,21452000.0,14100000.0,0.37,0.32,0.0,943323000.0,435488000.0,86962000.0,214841000.0,562251000.0,-63370000.0,-19681000.0,17401000.0,,52585000.0,19681000.0
EBS,2017-06-30,False,Q2,2017,10-Q,100772000.0,8529000.0,4616000.0,0.11,0.11,0.0,970483000.0,509741000.0,72926000.0,315627000.0,620599000.0,95673000.0,-29605000.0,-21942000.0,,41001000.0,29605000.0
EBS,2017-09-30,False,Q3,2017,10-Q,149434000.0,47769000.0,33551000.0,0.81,0.68,0.0,1024202000.0,556034000.0,75432000.0,340991000.0,663710000.0,129188000.0,-42381000.0,-17255000.0,,41001000.0,42381000.0
EBS,2015-12-31,False,FY,2015,10-K,522789000.0,96039000.0,62870000.0,1.63,1.41,0.0,1043592000.0,538612000.0,99611000.0,312795000.0,660017000.0,44459000.0,-45462000.0,33449000.0,,54902000.0,44812000.0
EBS,2017-03-31,False,Q1,2017,10-Q,116858000.0,14910000.0,10485000.0,0.26,0.23,0.0,951639000.0,489166000.0,67706000.0,270170000.0,610419000.0,41671000.0,-20304000.0,-22707000.0,,41001000.0,20304000.0
EBS,2018-03-31,False,Q1,2018,10-Q,117814000.0,-9485000.0,-4908000.0,-0.1,-0.1,0.0,1068467000.0,476649000.0,86870000.0,163606000.0,881280000.0,-991000.0,-11615000.0,-2125000.0,,49130000.0,11615000.0
EBS,2018-09-30,False,Q3,2018,10-Q,599000000.0,21310000.0,20945000.0,0.42,0.41,0.0,1173623000.0,563148000.0,102014000.0,339358000.0,966649000.0,207564000.0,-48651000.0,2720000.0,318000000.0,49130000.0,51275000.0
EBS,2016-12-31,False,FY,2016,10-K,488782000.0,105522000.0,51776000.0,1.29,1.13,0.0,970111000.0,510218000.0,105856000.0,271513000.0,596205000.0,53487000.0,-76257000.0,-18641000.0,,41001000.0,76257000.0
EBS,2018-06-30,False,Q2,2018,10-Q,630000000.0,66776000.0,50144000.0,1.0,0.98,0.0,1138891000.0,541308000.0,96813000.0,190237000.0,938346000.0,33591000.0,-22593000.0,1043000.0,,49130000.0,25217000.0
EBS,2017-12-31,False,FY,2017,10-K,560873000.0,124285000.0,82594000.0,1.98,1.71,0.0,1070206000.0,485389000.0,100068000.0,178292000.0,912345000.0,208139000.0,-249932000.0,-51401000.0,,49130000.0,54828000.0
