symbol,end_date,amend,period_focus,fiscal_year,doc_type,revenues,op_income,net_income,eps_basic,eps_diluted,dividend,assets,cur_assets,cur_liab,cash,equity,cash_flow_op,cash_flow_inv,cash_flow_fin,debt,goodwill,cap_ex
EGHT,2018-12-31,False,Q3,2019,10-Q,160000000.0,-24238000.0,-23771000.0,-0.25,-0.25,0.0,304026000.0,161509000.0,71235000.0,28325000.0,227728000.0,-6673000.0,4664000.0,-1030000.0,,39442000.0,5778000.0
EGHT,2011-12-31,False,Q3,2012,10-Q,23278000.0,2552000.0,2586000.0,0.04,0.04,0.0,66607000.0,25348000.0,12350000.0,20004000.0,53857000.0,6408000.0,-2456000.0,-422000.0,,25150000.0,1743000.0
EGHT,2011-09-30,False,Q2,2012,10-Q,19819000.0,865000.0,832000.0,0.01,0.01,0.0,61667000.0,22777000.0,13117000.0,17200000.0,48141000.0,3242000.0,-1924000.0,-592000.0,,22642000.0,1211000.0
EGHT,2011-06-30,False,Q1,2011,10-Q,18507000.0,1606000.0,1947000.0,0.03,0.03,0.0,29269000.0,22166000.0,10624000.0,16934000.0,18217000.0,2140000.0,-900000.0,-780000.0,,2466000.0,-185000.0
EGHT,2012-09-30,False,Q2,2013,10-Q,26371000.0,2764000.0,1741000.0,0.02,0.02,0.0,144719000.0,47050000.0,11911000.0,38108000.0,130988000.0,19363000.0,-4730000.0,1049000.0,,25150000.0,4730000.0
EGHT,2012-12-31,False,Q3,2013,10-Q,27340000.0,2760000.0,1920000.0,0.03,0.03,0.0,148943000.0,51860000.0,13070000.0,44557000.0,133979000.0,25991000.0,-5245000.0,1385000.0,,25150000.0,5245000.0
EGHT,2012-06-30,False,Q1,2013,10-Q,25252000.0,14390000.0,8617000.0,0.12,0.12,0.0,140624000.0,44570000.0,12980000.0,36274000.0,127605000.0,14926000.0,-1048000.0,-30000.0,,25150000.0,1048000.0
EGHT,2012-03-31,False,FY,2012,10-K,85803000.0,7179000.0,69228000.0,1.04,0.99,0.0,130733000.0,35886000.0,12215000.0,22426000.0,118450000.0,9211000.0,-2985000.0,-274000.0,,25150000.0,2300000.0
EGHT,2013-03-31,False,FY,2013,10-K,107614000.0,23567000.0,13939000.0,0.2,0.19,0.0,152611000.0,63670000.0,13735000.0,50305000.0,137033000.0,31788000.0,-5868000.0,1959000.0,,25150000.0,5678000.0
EGHT,2013-09-30,False,Q2,2014,10-Q,30815000.0,2313000.0,2231000.0,0.03,0.03,0.0,161898000.0,74509000.0,14845000.0,59345000.0,145320000.0,9011000.0,-1918000.0,1947000.0,,23939000.0,1445000.0
EGHT,2013-12-31,False,Q3,2014,10-Q,32745000.0,-1803000.0,89000.0,0.0,0.0,0.0,296551000.0,186758000.0,19470000.0,172114000.0,275397000.0,11573000.0,-18145000.0,128371000.0,,38235000.0,2081000.0
EGHT,2013-06-30,False,Q1,2014,10-Q,30004000.0,3189000.0,2139000.0,0.03,0.03,0.0,157281000.0,68132000.0,14303000.0,55915000.0,141190000.0,5233000.0,-794000.0,1171000.0,,25150000.0,466000.0
EGHT,2014-12-31,False,Q3,2015,10-Q,41372000.0,825000.0,444000.0,0.01,0.01,0.0,308018000.0,200317000.0,20052000.0,52598000.0,285781000.0,13775000.0,-21820000.0,828000.0,,37497000.0,4523000.0
EGHT,2014-03-31,False,FY,2014,10-K,128597000.0,3075000.0,2514000.0,0.03,0.03,0.0,299203000.0,116933000.0,18121000.0,59159000.0,278178000.0,14917000.0,-136467000.0,130485000.0,,38461000.0,2853000.0
EGHT,2014-06-30,False,Q1,2015,10-Q,37913000.0,503000.0,8000.0,0.0,0.0,0.0,303154000.0,192749000.0,19786000.0,55073000.0,280741000.0,4650000.0,-8868000.0,76000.0,,38802000.0,1026000.0
EGHT,2014-09-30,False,Q2,2015,10-Q,39598000.0,2502000.0,1291000.0,0.01,0.01,0.0,307333000.0,198566000.0,20349000.0,56048000.0,284452000.0,8630000.0,-13451000.0,1538000.0,,38114000.0,2553000.0
EGHT,2017-09-30,False,Q2,2018,10-Q,72483000.0,-4462000.0,-546000.0,-0.01,-0.01,0.0,357843000.0,194215000.0,49339000.0,34570000.0,306940000.0,11174000.0,-6288000.0,-11820000.0,,47519000.0,4021000.0
EGHT,2017-06-30,False,Q1,2018,10-Q,69098000.0,-5457000.0,-2169000.0,-0.02,-0.02,0.0,360146000.0,202101000.0,46425000.0,53175000.0,311817000.0,6183000.0,6353000.0,-685000.0,,46926000.0,2293000.0
EGHT,2017-03-31,False,FY,2017,10-K,253388000.0,-6669000.0,-4751000.0,-0.05,-0.05,0.0,333855000.0,197354000.0,43344000.0,41030000.0,288601000.0,28478000.0,-22194000.0,1596000.0,,46136000.0,8851000.0
EGHT,2016-12-31,False,Q3,2017,10-Q,63676000.0,-1703000.0,-1325000.0,-0.01,-0.01,0.0,323848000.0,192483000.0,38491000.0,33457000.0,282275000.0,22220000.0,-20649000.0,-894000.0,,44327000.0,6509000.0
EGHT,2016-09-30,False,Q2,2017,10-Q,63183000.0,-379000.0,27000.0,0.0,0.0,0.0,322032000.0,189235000.0,37275000.0,32094000.0,281324000.0,13424000.0,-16102000.0,1225000.0,,45290000.0,5230000.0
EGHT,2016-06-30,False,Q1,2017,10-Q,60041000.0,-901000.0,-528000.0,-0.01,-0.01,0.0,315647000.0,184887000.0,35426000.0,27466000.0,276980000.0,6536000.0,-12587000.0,28000.0,,45931000.0,1604000.0
EGHT,2016-03-31,True,FY,2016,10-K,209336000.0,-7074000.0,-5120000.0,-0.06,-0.06,0.0,313452000.0,185900000.0,34734000.0,33576000.0,275306000.0,23567000.0,-36295000.0,-7248000.0,,47420000.0,4894000.0
EGHT,2016-03-31,False,FY,2016,10-K,209336000.0,-7074000.0,-5120000.0,-0.06,-0.06,0.0,313452000.0,185900000.0,34734000.0,33576000.0,275306000.0,23567000.0,-36295000.0,-7248000.0,,47420000.0,4894000.0
EGHT,2015-06-30,False,Q1,2016,10-Q,47892000.0,79000.0,-472000.0,-0.01,-0.01,0.0,307032000.0,174137000.0,25688000.0,29298000.0,276439000.0,4660000.0,-28947000.0,257000.0,,48039000.0,1073000.0
EGHT,2015-03-31,False,FY,2015,10-K,162413000.0,3882000.0,1926000.0,0.02,0.02,0.0,295624000.0,191596000.0,21830000.0,53110000.0,272211000.0,21240000.0,-12261000.0,-14914000.0,,36887000.0,5826000.0
EGHT,2015-12-31,False,Q3,2016,10-Q,53168000.0,-2509000.0,-1680000.0,-0.02,-0.02,0.0,303588000.0,174900000.0,30422000.0,23866000.0,269307000.0,15384000.0,-35644000.0,-9301000.0,,48144000.0,3295000.0
EGHT,2015-09-30,False,Q2,2016,10-Q,50942000.0,-1673000.0,-1892000.0,-0.02,-0.02,0.0,298616000.0,168672000.0,26682000.0,28795000.0,267711000.0,7115000.0,-23141000.0,-8407000.0,,48695000.0,2118000.0
EGHT,2018-09-30,False,Q2,2019,10-Q,85682000.0,-21987000.0,-21482000.0,-0.23,-0.23,0.0,309632000.0,175324000.0,66262000.0,24677000.0,239363000.0,-4550000.0,-267000.0,-1988000.0,,39495000.0,2878000.0
EGHT,2018-06-30,False,Q1,2019,10-Q,83225000.0,-15983000.0,-15355000.0,-0.16,-0.16,0.0,315551000.0,186022000.0,60722000.0,34557000.0,251842000.0,789000.0,1820000.0,501000.0,,39651000.0,1223000.0
EGHT,2018-03-31,False,FY,2018,10-K,296500000.0,-41896000.0,-104497000.0,-1.14,-1.14,0.0,277209000.0,178598000.0,56263000.0,31703000.0,218774000.0,22041000.0,-7272000.0,-16440000.0,,40054000.0,9178000.0
EGHT,2017-12-31,False,Q3,2018,10-Q,75575000.0,-18247000.0,-88520000.0,-0.96,-0.96,0.0,274925000.0,189154000.0,53356000.0,31769000.0,220409000.0,19378000.0,-9209000.0,-19839000.0,,39576000.0,6524000.0
