symbol,end_date,amend,period_focus,fiscal_year,doc_type,revenues,op_income,net_income,eps_basic,eps_diluted,dividend,assets,cur_assets,cur_liab,cash,equity,cash_flow_op,cash_flow_inv,cash_flow_fin,debt,goodwill,cap_ex
EL,2018-12-31,False,Q2,2019,10-Q,4005000000.0,771000000.0,573000000.0,1.58,1.55,0.43,12676000000.0,6440000000.0,3776000000.0,1876000000.0,4333000000.0,1273000000.0,-35000000.0,-1536000000.0,,1911000000.0,292000000.0
EL,2013-09-30,False,Q1,2014,10-Q,2675000000.0,449500000.0,300700000.0,0.78,0.76,0.18,7520500000.0,4632400000.0,1987600000.0,1322200000.0,3612500000.0,29900000.0,-94900000.0,-114900000.0,,885400000.0,85700000.0
EL,2011-12-31,False,Q2,2012,10-Q,2737500000.0,597000000.0,396700000.0,1.03,1.0,0.525,6342200000.0,3753300000.0,2022100000.0,999100000.0,2643700000.0,610200000.0,-189200000.0,-657700000.0,,879000000.0,181500000.0
EL,2011-03-31,False,Q3,2011,10-Q,2165700000.0,209100000.0,124700000.0,0.63,0.62,0.0,6196500000.0,3710500000.0,1974500000.0,1099000000.0,2528800000.0,727600000.0,-479800000.0,-288800000.0,1277900000.0,874400000.0,223900000.0
EL,2010-09-30,False,Q1,2011,10-Q,2091700000.0,298000000.0,191100000.0,0.97,0.95,0.0,5637500000.0,3198400000.0,1686900000.0,693500000.0,2138000000.0,-39100000.0,-316200000.0,-83400000.0,1356600000.0,896700000.0,57700000.0
EL,2012-12-31,False,Q2,2013,10-Q,2933000000.0,653100000.0,447500000.0,1.16,1.13,0.72,7170100000.0,4341000000.0,2052200000.0,1323600000.0,3123100000.0,655100000.0,-216200000.0,-472500000.0,,889100000.0,205400000.0
EL,2011-09-30,False,Q1,2012,10-Q,2476700000.0,430000000.0,278600000.0,1.43,1.4,0.0,6135400000.0,3562100000.0,1969600000.0,719500000.0,2492000000.0,-36200000.0,-88500000.0,-390900000.0,,876700000.0,80800000.0
EL,2012-03-31,False,Q3,2012,10-Q,2248200000.0,211500000.0,130400000.0,0.34,0.33,0.0,6601500000.0,3899900000.0,2058200000.0,1192800000.0,2855500000.0,869700000.0,-279500000.0,-640700000.0,,881900000.0,271900000.0
EL,2012-06-30,False,FY,2012,10-K,9713600000.0,1311700000.0,856900000.0,2.2,2.16,0.525,6593000000.0,3855100000.0,2125800000.0,1347700000.0,2747500000.0,1126700000.0,-428300000.0,-585100000.0,,882600000.0,420700000.0
EL,2013-03-31,False,Q3,2013,10-Q,2291800000.0,245100000.0,178800000.0,0.46,0.45,0.18,7095100000.0,4286200000.0,1915900000.0,1438600000.0,3206800000.0,934200000.0,-310800000.0,-536500000.0,,890300000.0,305500000.0
EL,2012-09-30,False,Q1,2013,10-Q,2549500000.0,482000000.0,299500000.0,0.77,0.76,0.0,7007600000.0,4213100000.0,1972400000.0,1053700000.0,3040500000.0,-125200000.0,-104200000.0,-70800000.0,,885900000.0,95500000.0
EL,2010-12-31,False,Q2,2011,10-Q,2492000000.0,517700000.0,343900000.0,1.75,1.71,0.75,5981800000.0,3514100000.0,1751400000.0,1043100000.0,2405700000.0,508000000.0,-400900000.0,-199400000.0,1301900000.0,900000000.0,144800000.0
EL,2013-06-30,False,FY,2013,10-K,10181700000.0,1526000000.0,1019800000.0,2.63,2.58,1.08,7145200000.0,4297200000.0,1934600000.0,1495700000.0,3301900000.0,1226300000.0,-465500000.0,-611500000.0,,881500000.0,461000000.0
EL,2011-06-30,False,FY,2011,10-K,8810000000.0,1089400000.0,700800000.0,3.56,3.48,0.75,6273900000.0,3686500000.0,1943300000.0,1253000000.0,2647000000.0,1027000000.0,-606900000.0,-313100000.0,,877300000.0,351000000.0
EL,2013-12-31,False,Q2,2014,10-Q,3018700000.0,656300000.0,432500000.0,1.11,1.09,0.2,7841200000.0,4925600000.0,2039100000.0,1748000000.0,3883100000.0,782400000.0,-226700000.0,-303100000.0,,890100000.0,216900000.0
EL,2014-12-31,False,Q2,2015,10-Q,3044500000.0,632800000.0,435700000.0,1.15,1.13,24.0,7856600000.0,4426000000.0,2044200000.0,1241200000.0,3829300000.0,993700000.0,-790900000.0,-568100000.0,,993300000.0,187400000.0
EL,2014-03-31,False,Q3,2014,10-Q,2549800000.0,341600000.0,213200000.0,0.55,0.54,0.2,7646000000.0,4691800000.0,2039300000.0,1530200000.0,3682400000.0,1169400000.0,-344200000.0,-744700000.0,,891500000.0,342800000.0
EL,2014-09-30,False,Q1,2015,10-Q,2631000000.0,348000000.0,228100000.0,0.6,0.59,0.2,7664300000.0,4727900000.0,1941700000.0,1395400000.0,3794200000.0,127700000.0,-80300000.0,-272600000.0,,893900000.0,78700000.0
EL,2015-09-30,False,Q1,2016,10-Q,2834700000.0,453200000.0,309300000.0,0.83,0.82,0.24,8425400000.0,4383300000.0,2454300000.0,408500000.0,3502000000.0,8200000.0,-564500000.0,-44000000.0,,1144800000.0,89900000.0
EL,2015-03-31,False,Q3,2015,10-Q,2580500000.0,397200000.0,272100000.0,0.72,0.71,0.24,8095100000.0,4429200000.0,2097400000.0,1288300000.0,3864900000.0,1385000000.0,-1032200000.0,-654400000.0,,1147000000.0,279800000.0
EL,2014-06-30,False,FY,2014,10-K,10968800000.0,1827600000.0,1204100000.0,3.12,3.06,0.78,7868800000.0,4825200000.0,2056700000.0,1629100000.0,3869400000.0,1535200000.0,-511600000.0,-856900000.0,0.0,893200000.0,510200000.0
EL,2015-12-31,False,Q2,2016,10-Q,3124800000.0,629400000.0,446200000.0,1.21,1.19,0.3,8582100000.0,4475800000.0,2479400000.0,868100000.0,3615500000.0,962300000.0,-644200000.0,-453300000.0,,1147000000.0,223400000.0
EL,2016-09-30,False,Q1,2017,10-Q,2865000000.0,418000000.0,294000000.0,0.8,0.79,0.3,9348000000.0,4401000000.0,2712000000.0,664000000.0,3675000000.0,-150000000.0,-66000000.0,-36000000.0,0.0,1229000000.0,85000000.0
EL,2016-03-31,False,Q3,2016,10-Q,2656500000.0,384000000.0,265600000.0,0.72,0.71,0.3,8816300000.0,4252300000.0,2433700000.0,556300000.0,3822400000.0,1316200000.0,-1096900000.0,-665300000.0,,1225300000.0,334400000.0
EL,2017-03-31,False,Q3,2017,10-Q,2857000000.0,427000000.0,298000000.0,0.81,0.8,0.34,11445000000.0,4972000000.0,2860000000.0,1139000000.0,4135000000.0,1252000000.0,-2106000000.0,1083000000.0,0.0,1942000000.0,316000000.0
EL,2016-06-30,False,FY,2016,10-K,11262300000.0,1610300000.0,1114600000.0,3.01,2.96,1.14,9223300000.0,4225100000.0,2680500000.0,914100000.0,3587300000.0,1788700000.0,-1269300000.0,-604900000.0,0.0,1227800000.0,525300000.0
EL,2015-06-30,False,FY,2015,10-K,10780400000.0,1606300000.0,1088900000.0,2.87,2.82,0.92,8239200000.0,4468500000.0,2135600000.0,1021400000.0,3654300000.0,1943300000.0,-1616200000.0,-894800000.0,0.0,1144800000.0,473000000.0
EL,2017-06-30,False,FY,2017,10-K,11824000000.0,1692000000.0,1249000000.0,3.4,3.35,1.32,11568000000.0,4964000000.0,2823000000.0,1136000000.0,4402000000.0,1800000000.0,-2214000000.0,630000000.0,0.0,1916000000.0,504000000.0
EL,2018-09-30,False,Q1,2019,10-Q,3524000000.0,652000000.0,500000000.0,1.36,1.34,0.38,12543000000.0,6249000000.0,3563000000.0,1443000000.0,4430000000.0,-119000000.0,31000000.0,-642000000.0,0.0,1929000000.0,128000000.0
EL,2018-06-30,False,FY,2018,10-K,13683000000.0,2052000000.0,1108000000.0,3.01,2.95,1.48,12567000000.0,6168000000.0,3310000000.0,2181000000.0,4710000000.0,2573000000.0,-369000000.0,-1172000000.0,0.0,1926000000.0,629000000.0
EL,2017-12-31,False,Q2,2018,10-Q,3744000000.0,710000000.0,123000000.0,0.33,0.33,0.38,12604000000.0,5975000000.0,3403000000.0,2105000000.0,4589000000.0,1450000000.0,-144000000.0,-362000000.0,,1924000000.0,263000000.0
EL,2017-09-30,False,Q1,2018,10-Q,3274000000.0,568000000.0,427000000.0,1.16,1.14,0.34,12202000000.0,5507000000.0,3142000000.0,1444000000.0,4753000000.0,93000000.0,36000000.0,173000000.0,,1921000000.0,116000000.0
EL,2018-03-31,False,Q3,2018,10-Q,3370000000.0,497000000.0,372000000.0,1.01,0.99,0.38,12772000000.0,6169000000.0,3388000000.0,2140000000.0,4737000000.0,1931000000.0,-155000000.0,-822000000.0,,1931000000.0,368000000.0
EL,2016-12-31,False,Q2,2017,10-Q,3208000000.0,617000000.0,428000000.0,1.17,1.15,0.34,11212000000.0,4789000000.0,4458000000.0,1262000000.0,3808000000.0,824000000.0,-1727000000.0,1270000000.0,0.0,1938000000.0,208000000.0
