symbol,end_date,amend,period_focus,fiscal_year,doc_type,revenues,op_income,net_income,eps_basic,eps_diluted,dividend,assets,cur_assets,cur_liab,cash,equity,cash_flow_op,cash_flow_inv,cash_flow_fin,debt,goodwill,cap_ex
EML,2018-09-29,False,Q3,2018,10-Q,57357442.0,4740408.0,3766661.0,0.6,0.6,0.11,177906469.0,96709488.0,29708197.0,11171703.0,95160209.0,7095540.0,-9330762.0,-8545518.0,14500000.0,34891579.0,2850365.0
EML,2011-10-01,False,Q3,2011,10-Q,36089946.0,2127106.0,1459941.0,0.24,0.24,0.09,106693747.0,65214029.0,15010849.0,9333687.0,73012542.0,1650018.0,-2932833.0,-1654956.0,,13878251.0,2934833.0
EML,2011-07-02,False,Q2,2011,10-Q,35520182.0,2298916.0,1482799.0,0.24,0.24,0.09,102945494.0,61195961.0,11415238.0,8449223.0,72400176.0,-410814.0,-1843634.0,-1538095.0,,13975143.0,1843634.0
EML,2012-06-30,False,Q2,2012,10-Q,41559589.0,4144234.0,2632346.0,0.42,0.42,0.1,110989994.0,69249618.0,13843809.0,14484499.0,73079193.0,5394598.0,-2352770.0,282589.0,,13902604.0,2371770.0
EML,2012-09-29,False,Q3,2012,10-Q,39644050.0,3334522.0,2223975.0,0.36,0.36,0.1,113771168.0,71062997.0,14937091.0,17823345.0,75448028.0,10769769.0,-3530674.0,-696456.0,,13948576.0,3549674.0
EML,2011-12-31,False,FY,2011,10-K,142856049.0,8712180.0,5504930.0,0.89,0.89,0.36,106699974.0,65416730.0,16186152.0,11147297.0,69158328.0,1446456.0,-3390726.0,819388.0,,13905209.0,3394726.0
EML,2012-03-31,False,Q1,2012,10-Q,40495894.0,3169414.0,2045608.0,0.33,0.33,0.1,110806295.0,68803986.0,14189832.0,12958901.0,71231758.0,2053606.0,-1537971.0,1200042.0,,13928130.0,1537971.0
EML,2013-03-30,False,Q1,2013,10-Q,34692174.0,1585284.0,1005248.0,0.16,0.16,0.1,113834946.0,69670436.0,12377991.0,16891943.0,72137944.0,706034.0,-1256623.0,-979118.0,,13906902.0,1256623.0
EML,2013-06-29,False,Q2,2013,10-Q,39247980.0,3307657.0,2174294.0,0.35,0.35,0.1,116180123.0,71806269.0,13377433.0,18166988.0,73543619.0,4526417.0,-2714190.0,-1944782.0,,13867312.0,2714190.0
EML,2014-09-27,False,Q3,2014,10-Q,35803405.0,3748873.0,2431817.0,0.39,0.39,0.15,116972609.0,74440952.0,13967339.0,21198789.0,84908577.0,7013599.0,-2273872.0,-3373819.0,,13791518.0,2292872.0
EML,2014-06-28,False,Q2,2014,10-Q,34779773.0,2787940.0,1693503.0,0.27,0.27,0.11,115017159.0,72202364.0,13023723.0,19377313.0,83663229.0,3142256.0,-1608421.0,-2083212.0,,13844522.0,1608421.0
EML,2014-03-29,False,Q1,2014,10-Q,35849126.0,2297117.0,1502885.0,0.24,0.24,0.11,113789827.0,71201973.0,12853356.0,18518336.0,82148589.0,413304.0,-690041.0,-1041580.0,,13801676.0,690041.0
EML,2013-09-28,False,Q3,2013,10-Q,34256086.0,2456904.0,1798783.0,0.29,0.29,0.11,117341737.0,72587934.0,13161887.0,19080745.0,75136072.0,7893136.0,-4160251.0,-2986288.0,,13889060.0,4160251.0
EML,2012-12-29,False,FY,2012,10-K,157509185.0,13551423.0,8625800.0,1.39,1.38,0.5,115854150.0,71824436.0,14904073.0,18482144.0,71582099.0,13645832.0,-4172786.0,-2297467.0,7499999.0,13933599.0,4216970.0
EML,2013-12-28,False,FY,2013,10-K,142458279.0,10386321.0,6901921.0,1.11,1.11,0.42,113858409.0,70993924.0,13614589.0,19988361.0,81504851.0,11317036.0,-5520903.0,-4027830.0,6071428.0,13842047.0,5523742.0
EML,2015-07-04,False,Q2,2015,10-Q,37037697.0,856022.0,584594.0,0.09,0.09,0.11,120337494.0,71250521.0,12960985.0,13320316.0,75136941.0,1353223.0,-1609471.0,-2088009.0,,14797557.0,1609471.0
EML,2016-04-02,False,Q1,2016,10-Q,33101657.0,960864.0,648073.0,0.1,0.1,0.11,119278203.0,73514441.0,12441462.0,16728086.0,80007609.0,657730.0,-338270.0,-1401724.0,,14848095.0,338270.0
EML,2015-10-03,False,Q3,2015,10-Q,36239500.0,3449621.0,2527722.0,0.41,0.41,0.12,121038683.0,72863306.0,13199654.0,13611066.0,76282859.0,3649305.0,-2044712.0,-3194750.0,,14747158.0,2044712.0
EML,2015-04-04,False,Q1,2015,10-Q,36876842.0,1371483.0,873951.0,0.14,0.14,0.11,120715508.0,71299306.0,12986135.0,14135291.0,74914772.0,326870.0,-820161.0,-1043983.0,,14796385.0,820161.0
EML,2016-01-02,False,FY,2015,10-K,144567951.0,8027728.0,5727043.0,0.92,0.92,0.45,121738559.0,75268226.0,15162888.0,17814986.0,79405056.0,9133429.0,-2513236.0,-3882097.0,3214285.0,14790793.0,2538236.0
EML,2015-01-03,False,FY,2014,10-K,140825360.0,11718648.0,7661476.0,1.23,1.23,0.48,121270556.0,71290647.0,13445975.0,15834444.0,74974907.0,9347184.0,-8644954.0,-4492712.0,4285714.0,14960354.0,3633165.0
EML,2016-07-02,False,Q2,2016,10-Q,36883312.0,3105868.0,2087837.0,0.33,0.33,0.11,122937536.0,76652091.0,13778257.0,20246083.0,79871860.0,6079860.0,-1084325.0,-2446573.0,,14850960.0,1084325.0
EML,2017-04-01,False,Q1,2017,10-Q,36043295.0,2236201.0,1517141.0,0.24,0.24,0.11,125148068.0,78243243.0,12638432.0,23581301.0,84015027.0,2391597.0,-703092.0,-1045482.0,15500000.0,14827388.0,487169.0
EML,2017-07-01,False,Q2,2017,10-Q,58044743.0,2486462.0,1466402.0,0.23,0.23,0.11,172050793.0,95946711.0,29641473.0,19078802.0,85395466.0,6308540.0,-43174538.0,32837372.0,15500000.0,32355458.0,708499.0
EML,2018-06-30,False,Q2,2018,10-Q,60860852.0,4388506.0,3258477.0,0.52,0.52,0.11,184088536.0,103158319.0,34586037.0,18979924.0,92524929.0,5614417.0,-7675519.0,-1153456.0,14700000.0,34874518.0,1236375.0
EML,2016-10-01,False,Q3,2016,10-Q,33478347.0,3264114.0,2400064.0,0.38,0.38,0.11,123602310.0,77641676.0,13533063.0,21640060.0,81582135.0,8982547.0,-1819894.0,-3134513.0,,14842755.0,1819894.0
EML,2017-09-30,False,Q3,2017,10-Q,56007937.0,3573641.0,2230481.0,0.36,0.35,0.11,175363475.0,99615033.0,31511155.0,21194091.0,87619378.0,10174343.0,-43972195.0,31761179.0,15300000.0,32395740.0,1457641.0
EML,2018-03-31,False,Q1,2018,10-Q,59444997.0,4171887.0,3100195.0,0.49,0.49,0.11,175765778.0,99258736.0,27612415.0,16361816.0,90424960.0,95875.0,-1339497.0,-5076633.0,14900000.0,32200916.0,605655.0
EML,2016-12-31,False,FY,2016,10-K,137608258.0,11135872.0,7785323.0,1.25,1.25,0.44,124198396.0,77696926.0,12866082.0,22725376.0,82467514.0,12415240.0,-2855120.0,-4179719.0,1785714.0,14819835.0,2863470.0
EML,2017-12-30,False,FY,2017,10-K,204239613.0,12276701.0,5045255.0,0.81,0.8,0.44,176458397.0,100065600.0,31314682.0,22275477.0,86930590.0,11180182.0,-42796849.0,30684718.0,35225000.0,32228891.0,2762949.0
