symbol,end_date,amend,period_focus,fiscal_year,doc_type,revenues,op_income,net_income,eps_basic,eps_diluted,dividend,assets,cur_assets,cur_liab,cash,equity,cash_flow_op,cash_flow_inv,cash_flow_fin,debt,goodwill,cap_ex
EMMS,2016-08-31,False,Q2,2017,10-Q,58774000.0,4935000.0,335000.0,0.03,0.03,0.0,316789000.0,56802000.0,46711000.0,5694000.0,-12035000.0,6089000.0,-367000.0,-4484000.0,229678000.0,12639000.0,711000.0
EMMS,2016-11-30,False,Q3,2017,10-Q,56299000.0,23835000.0,17676000.0,1.46,1.43,0.0,302067000.0,52077000.0,37519000.0,2057000.0,4658000.0,9702000.0,22377000.0,-34478000.0,207428000.0,4603000.0,1403000.0
EMMS,2016-05-31,False,Q1,2017,10-Q,56002000.0,8637000.0,2686000.0,0.06,0.06,0.0,318649000.0,54431000.0,47392000.0,4284000.0,-11350000.0,2069000.0,-379000.0,-1862000.0,230891000.0,14697000.0,402000.0
EMMS,2014-11-30,False,Q3,2015,10-Q,62960000.0,13106000.0,2823000.0,0.07,0.06,0.0,496212000.0,141911000.0,117210000.0,4223000.0,94738000.0,10602000.0,-136387000.0,124704000.0,257442000.0,74337000.0,2565000.0
EMMS,2015-11-30,False,Q3,2016,10-Q,59614000.0,11618000.0,5548000.0,0.12,0.12,0.0,335655000.0,58484000.0,43517000.0,4316000.0,-123000.0,16700000.0,-1820000.0,-14233000.0,240117000.0,15392000.0,1943000.0
EMMS,2015-08-31,False,Q2,2016,10-Q,62482000.0,9858000.0,4394000.0,0.1,0.09,0.0,337303000.0,59908000.0,45694000.0,6751000.0,-5164000.0,12079000.0,-1174000.0,-7823000.0,245312000.0,15392000.0,1281000.0
EMMS,2015-05-31,False,Q1,2016,10-Q,58453000.0,7641000.0,1525000.0,0.04,0.03,0.0,335014000.0,57130000.0,43200000.0,3270000.0,-10453000.0,1689000.0,-398000.0,-1690000.0,251482000.0,15392000.0,421000.0
EMMS,2015-02-28,False,FY,2015,10-K,237938000.0,-34063000.0,-99259000.0,-2.33,-2.33,0.0,334732000.0,55891000.0,42766000.0,3669000.0,-12149000.0,18456000.0,-140218000.0,120127000.0,254150000.0,15392000.0,3514000.0
EMMS,2016-02-29,False,FY,2016,10-K,231433000.0,19664000.0,1952000.0,0.04,0.04,0.0,316606000.0,51691000.0,51285000.0,4456000.0,-14149000.0,25114000.0,-3281000.0,-21046000.0,228027000.0,14697000.0,3388000.0
EMMS,2017-02-28,False,FY,2017,10-K,214568000.0,31908000.0,13119000.0,1.09,1.07,0.0,289338000.0,46457000.0,54603000.0,11349000.0,-4016000.0,19052000.0,28499000.0,-40658000.0,190372000.0,4603000.0,2850000.0
EMMS,2018-05-31,False,Q1,2019,10-Q,28006000.0,35235000.0,23485000.0,1.88,1.75,0.0,246175000.0,35952000.0,57755000.0,10456000.0,101291000.0,-811000.0,59980000.0,-53708000.0,53385000.0,4338000.0,20000.0
EMMS,2017-05-31,False,Q1,2018,10-Q,40164000.0,5213000.0,-267000.0,-0.02,-0.02,0.0,282720000.0,43728000.0,42647000.0,2190000.0,-3829000.0,-10258000.0,-397000.0,1496000.0,195745000.0,4603000.0,397000.0
EMMS,2017-11-30,False,Q3,2018,10-Q,35345000.0,3932000.0,-279000.0,-0.02,-0.02,0.0,273355000.0,35240000.0,32346000.0,3897000.0,66071000.0,-3464000.0,78939000.0,-82927000.0,123792000.0,4603000.0,1191000.0
EMMS,2017-08-31,False,Q2,2018,10-Q,42848000.0,82219000.0,69957000.0,5.69,5.59,0.0,277276000.0,38712000.0,34868000.0,4718000.0,66306000.0,-6630000.0,79130000.0,-79131000.0,125244000.0,4603000.0,838000.0
EMMS,2018-02-28,False,FY,2018,10-K,148487000.0,90797000.0,82129000.0,6.65,6.5,0.0,271144000.0,59793000.0,32697000.0,4107000.0,78263000.0,241000.0,78429000.0,-85912000.0,122849000.0,4338000.0,1809000.0
EMMS,2018-11-30,False,Q3,2019,10-Q,30323000.0,2957000.0,712000.0,0.06,0.05,0.0,245806000.0,36977000.0,59631000.0,8616000.0,101886000.0,3080000.0,60016000.0,-59236000.0,50362000.0,4338000.0,155000.0
EMMS,2011-11-30,False,Q3,2012,10-Q,59319000.0,4693000.0,57633000.0,2.9,2.49,0.0,365706000.0,64166000.0,56540000.0,9882000.0,-35604000.0,-265000.0,133745000.0,-129718000.0,,24175000.0,3259000.0
EMMS,2012-05-31,False,Q1,2013,10-Q,56787000.0,2322000.0,-5031000.0,-0.13,-0.13,0.0,350939000.0,71846000.0,50009000.0,10486000.0,-56453000.0,-5437000.0,-2754000.0,12953000.0,,24175000.0,775000.0
EMMS,2011-08-31,False,Q2,2012,10-Q,64621000.0,6576000.0,-8577000.0,-0.22,-0.22,0.0,471195000.0,67784000.0,50539000.0,9578000.0,-148758000.0,-1138000.0,4831000.0,-609000.0,,24175000.0,2406000.0
EMMS,2012-02-29,False,FY,2012,10-K,236007000.0,14138000.0,26193000.0,2.08,0.58,0.0,340769000.0,54682000.0,53922000.0,5619000.0,-53396000.0,3758000.0,131291000.0,-135321000.0,,24175000.0,5728000.0
EMMS,2013-11-30,False,Q3,2014,10-Q,52621000.0,8711000.0,4273000.0,0.11,0.09,0.0,263588000.0,52497000.0,44084000.0,5319000.0,50081000.0,16049000.0,-4136000.0,-15321000.0,120997000.0,12639000.0,2277000.0
EMMS,2013-08-31,False,Q2,2014,10-Q,54967000.0,5704000.0,2571000.0,0.06,0.05,0.0,266164000.0,54376000.0,47303000.0,6821000.0,45405000.0,9902000.0,-3726000.0,-8082000.0,125530000.0,12639000.0,1857000.0
EMMS,2012-08-31,False,Q2,2013,10-Q,3496000.0,-904000.0,38081000.0,0.98,0.98,0.0,287539000.0,61081000.0,44168000.0,9532000.0,-17945000.0,-7181000.0,90566000.0,-79272000.0,167947000.0,14791000.0,980000.0
EMMS,2012-11-30,False,Q3,2013,10-Q,2528000.0,1739000.0,4600000.0,0.12,0.1,0.0,275527000.0,60413000.0,55469000.0,11175000.0,33951000.0,-2504000.0,98175000.0,-90047000.0,160560000.0,14791000.0,2354000.0
EMMS,2013-02-28,False,FY,2013,10-K,196084000.0,16549000.0,41966000.0,1.08,1.08,0.0,261624000.0,50708000.0,44907000.0,8735000.0,37099000.0,1845000.0,113986000.0,-112882000.0,131494000.0,12639000.0,3364000.0
EMMS,2013-05-31,False,Q1,2014,10-Q,50586000.0,7046000.0,3476000.0,0.09,0.08,0.0,263800000.0,51912000.0,44591000.0,4959000.0,41806000.0,1503000.0,-2073000.0,-3176000.0,129537000.0,12639000.0,1016000.0
EMMS,2018-08-31,False,Q2,2019,10-Q,32056000.0,2457000.0,-373000.0,-0.03,-0.03,0.0,244325000.0,34222000.0,57685000.0,7150000.0,100857000.0,-963000.0,59895000.0,-56658000.0,51953000.0,4338000.0,105000.0
EMMS,2014-02-28,False,FY,2014,10-K,205146000.0,22197000.0,43481000.0,1.08,0.94,0.0,265348000.0,54012000.0,49250000.0,5304000.0,83368000.0,24695000.0,-5355000.0,-22763000.0,114926000.0,12639000.0,3057000.0
EMMS,2014-05-31,False,Q1,2015,10-Q,59724000.0,6641000.0,956000.0,0.02,0.02,0.0,274562000.0,62686000.0,49945000.0,2869000.0,87083000.0,-854000.0,-817000.0,-764000.0,117830000.0,12639000.0,625000.0
EMMS,2014-08-31,False,Q2,2015,10-Q,61824000.0,12524000.0,2760000.0,0.06,0.06,0.0,498145000.0,143014000.0,118908000.0,6398000.0,92319000.0,3769000.0,-135449000.0,132774000.0,264855000.0,74337000.0,1675000.0
