symbol,end_date,amend,period_focus,fiscal_year,doc_type,revenues,op_income,net_income,eps_basic,eps_diluted,dividend,assets,cur_assets,cur_liab,cash,equity,cash_flow_op,cash_flow_inv,cash_flow_fin,debt,goodwill,cap_ex
EMR,2011-03-31,False,Q2,2011,10-Q,5854000000.0,,556000000.0,0.74,0.73,0.345,23535000000.0,8798000000.0,5934000000.0,1593000000.0,10805000000.0,1075000000.0,-427000000.0,-678000000.0,,8905000000.0,208000000.0
EMR,2018-12-31,False,Q1,2019,10-Q,5200000000.0,,465000000.0,0.74,0.74,0.49,20429000000.0,6658000000.0,7540000000.0,1248000000.0,8276000000.0,323000000.0,-259000000.0,98000000.0,,6468000000.0,155000000.0
EMR,2009-09-30,False,FY,2009,10-K,20915000000.0,,1724000000.0,2.29,2.27,1.32,19763000000.0,7653000000.0,4956000000.0,1560000000.0,8555000000.0,3086000000.0,-1309000000.0,-1948000000.0,,7078000000.0,-531000000.0
EMR,2009-06-30,False,Q3,2009,10-Q,5091000000.0,,387000000.0,0.52,0.51,0.33,20324000000.0,7718000000.0,4993000000.0,1382000000.0,8660000000.0,1734000000.0,-1105000000.0,-947000000.0,,6976000000.0,-388000000.0
EMR,2010-12-31,False,Q1,2011,10-Q,5535000000.0,,480000000.0,0.63,0.63,0.345,22703000000.0,8305000000.0,5600000000.0,1493000000.0,10323000000.0,322000000.0,-137000000.0,-281000000.0,,8666000000.0,82000000.0
EMR,2009-12-31,False,Q1,2010,10-Q,5011000000.0,,425000000.0,0.56,0.56,0.335,21489000000.0,8063000000.0,5805000000.0,1840000000.0,8938000000.0,687000000.0,-1352000000.0,956000000.0,,7647000000.0,89000000.0
EMR,2010-06-30,False,Q3,2010,10-Q,5641000000.0,,585000000.0,0.78,0.77,0.335,22958000000.0,9958000000.0,7257000000.0,3424000000.0,9089000000.0,2022000000.0,-1655000000.0,1580000000.0,,7596000000.0,300000000.0
EMR,2010-03-31,False,Q2,2010,10-Q,5144000000.0,,405000000.0,0.54,0.53,0.335,21720000000.0,8508000000.0,5999000000.0,2159000000.0,9005000000.0,1319000000.0,-1487000000.0,792000000.0,,7630000000.0,178000000.0
EMR,2011-12-31,False,Q1,2012,10-Q,5309000000.0,,371000000.0,0.5,0.5,0.4,23444000000.0,9075000000.0,6534000000.0,2076000000.0,10333000000.0,334000000.0,-140000000.0,-170000000.0,,8723000000.0,130000000.0
EMR,2010-09-30,False,FY,2010,10-K,21039000000.0,,2164000000.0,2.87,2.84,1.34,22843000000.0,8363000000.0,5849000000.0,1592000000.0,9952000000.0,3292000000.0,-2517000000.0,-726000000.0,4657000000.0,8656000000.0,524000000.0
EMR,2011-06-30,False,Q3,2011,10-Q,6288000000.0,,683000000.0,0.91,0.9,0.345,24104000000.0,9283000000.0,6308000000.0,1781000000.0,10999000000.0,1978000000.0,-673000000.0,-1164000000.0,,8974000000.0,403000000.0
EMR,2011-09-30,False,FY,2011,10-K,24222000000.0,,2480000000.0,3.29,3.27,1.38,23861000000.0,9345000000.0,6465000000.0,2052000000.0,10551000000.0,3233000000.0,-848000000.0,-1887000000.0,4603000000.0,8771000000.0,647000000.0
EMR,2012-06-30,False,Q3,2012,10-Q,6484000000.0,,770000000.0,1.05,1.04,0.4,24326000000.0,10003000000.0,7396000000.0,2292000000.0,10665000000.0,1742000000.0,-646000000.0,-798000000.0,,8739000000.0,428000000.0
EMR,2012-12-31,False,Q1,2013,10-Q,5553000000.0,,454000000.0,0.63,0.62,0.41,23771000000.0,10086000000.0,7203000000.0,2527000000.0,10618000000.0,554000000.0,-134000000.0,-258000000.0,,8068000000.0,115000000.0
EMR,2012-03-31,False,Q2,2012,10-Q,5919000000.0,,545000000.0,0.74,0.74,0.4,24134000000.0,9544000000.0,6925000000.0,2153000000.0,10655000000.0,896000000.0,-497000000.0,-304000000.0,,8866000000.0,287000000.0
EMR,2012-09-30,False,FY,2012,10-K,24412000000.0,,1968000000.0,2.68,2.67,1.6,23818000000.0,10126000000.0,7133000000.0,2367000000.0,10442000000.0,3053000000.0,-806000000.0,-1899000000.0,4347000000.0,8026000000.0,665000000.0
EMR,2013-03-31,False,Q2,2013,10-Q,5960000000.0,,561000000.0,0.77,0.77,0.41,23724000000.0,10189000000.0,6644000000.0,2615000000.0,10674000000.0,1151000000.0,-280000000.0,-600000000.0,,8007000000.0,235000000.0
EMR,2014-12-31,False,Q1,2015,10-Q,5587000000.0,,525000000.0,0.76,0.75,0.47,23724000000.0,10483000000.0,8877000000.0,3122000000.0,9556000000.0,571000000.0,-376000000.0,-146000000.0,,6940000000.0,207000000.0
EMR,2013-06-30,False,Q3,2013,10-Q,6344000000.0,,194000000.0,0.27,0.27,0.41,23513000000.0,10506000000.0,6950000000.0,2810000000.0,10264000000.0,2146000000.0,-473000000.0,-1198000000.0,,7514000000.0,380000000.0
EMR,2014-03-31,False,Q2,2014,10-Q,5812000000.0,,547000000.0,0.78,0.77,0.43,24346000000.0,10203000000.0,7832000000.0,2724000000.0,10525000000.0,1266000000.0,-760000000.0,-1044000000.0,,7875000000.0,397000000.0
EMR,2014-06-30,False,Q3,2014,10-Q,6312000000.0,,728000000.0,1.03,1.03,0.43,25115000000.0,10813000000.0,8533000000.0,3049000000.0,10873000000.0,2284000000.0,-1026000000.0,-1475000000.0,,7917000000.0,573000000.0
EMR,2016-03-31,False,Q2,2016,10-Q,4928000000.0,,369000000.0,0.57,0.57,0.475,21764000000.0,9913000000.0,8182000000.0,3322000000.0,7743000000.0,1206000000.0,-188000000.0,-725000000.0,,6642000000.0,247000000.0
EMR,2015-03-31,False,Q2,2015,10-Q,5400000000.0,,973000000.0,1.42,1.42,0.47,22968000000.0,10344000000.0,8770000000.0,3256000000.0,8968000000.0,929000000.0,801000000.0,-1415000000.0,,6805000000.0,359000000.0
EMR,2013-09-30,False,FY,2013,10-K,24669000000.0,,2004000000.0,2.78,2.76,1.64,24711000000.0,10999000000.0,7625000000.0,3275000000.0,10718000000.0,3649000000.0,-789000000.0,-1933000000.0,4322000000.0,7509000000.0,678000000.0
EMR,2013-12-31,False,Q1,2014,10-Q,5606000000.0,,462000000.0,0.65,0.65,0.43,24124000000.0,9999000000.0,7108000000.0,2737000000.0,10883000000.0,691000000.0,-555000000.0,-675000000.0,,7871000000.0,236000000.0
EMR,2017-03-31,False,Q2,2017,10-Q,3574000000.0,,292000000.0,0.45,0.45,0.48,17277000000.0,9446000000.0,3771000000.0,5039000000.0,8057000000.0,410000000.0,4791000000.0,-3282000000.0,,3891000000.0,194000000.0
EMR,2017-06-30,False,Q3,2017,10-Q,4039000000.0,,413000000.0,0.64,0.64,0.48,19402000000.0,8554000000.0,5370000000.0,3140000000.0,8022000000.0,1058000000.0,1691000000.0,-2777000000.0,,5296000000.0,300000000.0
EMR,2014-09-30,False,FY,2014,10-K,24537000000.0,,2147000000.0,3.05,3.03,1.72,24177000000.0,10867000000.0,8454000000.0,3149000000.0,10167000000.0,3692000000.0,-1159000000.0,-2559000000.0,4081000000.0,7182000000.0,767000000.0
EMR,2016-06-30,False,Q3,2016,10-Q,5126000000.0,,479000000.0,0.74,0.74,0.475,22082000000.0,10220000000.0,8326000000.0,3516000000.0,7955000000.0,1924000000.0,-373000000.0,-1050000000.0,,6667000000.0,354000000.0
EMR,2015-12-31,False,Q1,2016,10-Q,4713000000.0,,349000000.0,0.54,0.53,0.475,21552000000.0,9694000000.0,8202000000.0,3109000000.0,7497000000.0,487000000.0,-163000000.0,-211000000.0,,6601000000.0,145000000.0
EMR,2015-06-30,False,Q3,2015,10-Q,5503000000.0,,564000000.0,0.84,0.84,0.47,23464000000.0,10644000000.0,8312000000.0,3393000000.0,8799000000.0,1428000000.0,547000000.0,-1572000000.0,,6930000000.0,516000000.0
EMR,2016-09-30,False,FY,2016,10-K,14522000000.0,,1635000000.0,2.53,2.52,1.9,21743000000.0,9960000000.0,8008000000.0,3182000000.0,7618000000.0,2881000000.0,-626000000.0,-2045000000.0,4329000000.0,3909000000.0,447000000.0
EMR,2017-09-30,False,FY,2017,10-K,15264000000.0,,1518000000.0,2.35,2.35,1.92,19589000000.0,8252000000.0,5045000000.0,3062000000.0,8770000000.0,1912000000.0,1514000000.0,-3591000000.0,4064000000.0,5316000000.0,476000000.0
EMR,2015-09-30,False,FY,2015,10-K,22304000000.0,,2710000000.0,4.01,3.99,1.88,22088000000.0,10049000000.0,7800000000.0,3054000000.0,8128000000.0,2529000000.0,591000000.0,-2948000000.0,4580000000.0,6653000000.0,685000000.0
EMR,2018-03-31,False,Q2,2018,10-Q,4248000000.0,,482000000.0,0.76,0.76,0.485,19785000000.0,7725000000.0,5945000000.0,2444000000.0,8537000000.0,944000000.0,-785000000.0,-843000000.0,,5821000000.0,194000000.0
EMR,2016-12-31,False,Q1,2017,10-Q,3216000000.0,,309000000.0,0.48,0.48,0.48,17471000000.0,8877000000.0,4146000000.0,4151000000.0,7754000000.0,238000000.0,3758000000.0,-2920000000.0,,3861000000.0,100000000.0
EMR,2017-12-31,False,Q1,2018,10-Q,3816000000.0,,392000000.0,0.61,0.61,0.485,19858000000.0,8152000000.0,6192000000.0,3096000000.0,8388000000.0,447000000.0,-392000000.0,-31000000.0,,5616000000.0,96000000.0
EMR,2018-06-30,False,Q3,2018,10-Q,4456000000.0,,712000000.0,1.13,1.12,0.485,20487000000.0,8576000000.0,6954000000.0,3411000000.0,8460000000.0,1868000000.0,-932000000.0,-560000000.0,,5745000000.0,314000000.0
EMR,2018-09-30,False,FY,2018,10-K,17408000000.0,,2203000000.0,3.48,3.46,1.94,20390000000.0,6619000000.0,6164000000.0,1093000000.0,8990000000.0,2892000000.0,-2720000000.0,-2092000000.0,3825000000.0,6455000000.0,617000000.0
