symbol,end_date,amend,period_focus,fiscal_year,doc_type,revenues,op_income,net_income,eps_basic,eps_diluted,dividend,assets,cur_assets,cur_liab,cash,equity,cash_flow_op,cash_flow_inv,cash_flow_fin,debt,goodwill,cap_ex
EOG,2011-06-30,False,Q2,2011,10-Q,2570250000.0,588253000.0,295574000.0,1.11,1.1,0.16,23959379000.0,3637950000.0,2476238000.0,1577438000.0,12077185000.0,2069240000.0,-2595078000.0,1314803000.0,,,3122567000.0
EOG,2018-12-31,False,FY,2018,10-K,17275399000.0,4469346000.0,3419040000.0,5.93,5.89,0.81,33934474000.0,5057390000.0,3728364000.0,1555634000.0,19364188000.0,7768608000.0,-6170162000.0,-839103000.0,,,5839294000.0
EOG,2010-03-31,False,Q1,2010,10-Q,1370693000.0,219902000.0,118015000.0,0.47,0.46,0.155,18509068000.0,1545857000.0,1493009000.0,230084000.0,10164917000.0,620287000.0,-1039678000.0,-36089000.0,,,1063390000.0
EOG,2011-09-30,False,Q3,2011,10-Q,2885744000.0,950030000.0,540878000.0,2.03,2.01,0.16,24794678000.0,3735362000.0,2666323000.0,1386728000.0,12493848000.0,3341523000.0,-4006532000.0,1269952000.0,,,4665535000.0
EOG,2010-12-31,False,FY,2010,10-K,6099896000.0,523319000.0,160654000.0,0.64,0.63,0.62,21624233000.0,2527446000.0,2220099000.0,788853000.0,10231632000.0,2708602000.0,-4902774000.0,2303419000.0,,,5210612000.0
EOG,2012-06-30,False,Q2,2012,10-Q,2909319000.0,692339000.0,395778000.0,1.48,1.47,0.17,25998577000.0,2948058000.0,2679940000.0,280374000.0,13355141000.0,2573218000.0,-2854557000.0,-56747000.0,,,3748278000.0
EOG,2012-09-30,False,Q3,2012,10-Q,2954855000.0,605747000.0,355491000.0,1.33,1.31,0.17,28032491000.0,4000162000.0,2578383000.0,1112623000.0,13793470000.0,4009590000.0,-4678339000.0,1160835000.0,,,5326884000.0
EOG,2012-03-31,False,Q1,2012,10-Q,2806651000.0,559772000.0,324009000.0,1.22,1.2,0.17,25555536000.0,3042033000.0,2772347000.0,294064000.0,12991843000.0,1077605000.0,-1375320000.0,-26885000.0,,,1878813000.0
EOG,2011-03-31,False,Q1,2011,10-Q,1897106000.0,272451000.0,133973000.0,0.52,0.52,0.16,23545522000.0,3597603000.0,2500191000.0,1668285000.0,11788379000.0,957488000.0,-1427747000.0,1349811000.0,,,1527854000.0
EOG,2010-09-30,False,Q3,2010,10-Q,1582075000.0,-11695000.0,-70906000.0,-0.28,-0.28,0.155,19944859000.0,1534445000.0,1938300000.0,27832000.0,10118124000.0,2085727000.0,-3625244000.0,881727000.0,3794000000.0,,3740883000.0
EOG,2010-06-30,False,Q2,2010,10-Q,1357968000.0,140501000.0,59872000.0,0.24,0.24,0.155,19465683000.0,1916143000.0,1558137000.0,650114000.0,10131019000.0,1301340000.0,-2230456000.0,892018000.0,3760000000.0,,2288270000.0
EOG,2011-12-31,False,FY,2011,10-K,10126115000.0,2113309000.0,1091123000.0,4.15,4.1,0.64,24838797000.0,3253938000.0,2522319000.0,615726000.0,12640904000.0,4578410000.0,-5754942000.0,1008539000.0,,,6294397000.0
EOG,2013-06-30,False,Q2,2013,10-Q,3840185000.0,1092044000.0,659692000.0,2.44,2.42,0.1875,29077152000.0,4240840000.0,3020303000.0,1228016000.0,14384626000.0,3315712000.0,-2886630000.0,-78043000.0,,,3250091000.0
EOG,2013-03-31,False,Q1,2013,10-Q,3356514000.0,833074000.0,494725000.0,1.84,1.82,0.1875,28232613000.0,4081018000.0,3074691000.0,1108034000.0,13756309000.0,1424935000.0,-1159739000.0,-38722000.0,,,1604123000.0
EOG,2012-12-31,False,FY,2012,10-K,11682636000.0,1479797000.0,570279000.0,2.13,2.11,0.68,27336578000.0,3589884000.0,2924058000.0,876435000.0,13284764000.0,5236777000.0,-6119263000.0,1139751000.0,,,6735316000.0
EOG,2009-06-30,False,Q2,2009,10-Q,861039000.0,18000.0,-16706000.0,-0.07,-0.07,0.145,16792752000.0,2210276000.0,1189620000.0,706964000.0,9259522000.0,1277218000.0,-1752325000.0,845436000.0,,,-1433591000.0
EOG,2009-09-30,False,Q3,2009,10-Q,1006849000.0,35303000.0,4196000.0,0.02,0.02,0.145,17221293000.0,1831689000.0,1201151000.0,608511000.0,9517740000.0,2093676000.0,-2651361000.0,822665000.0,,,2267884000.0
EOG,2014-03-31,False,Q1,2014,10-Q,4083671000.0,1084279000.0,660928000.0,1.22,1.21,0.125,32141288000.0,4822476000.0,3395642000.0,1667212000.0,16033314000.0,2267673000.0,-1823560000.0,-90014000.0,,,1736630000.0
EOG,2009-12-31,False,FY,2009,10-K,4786959000.0,970841000.0,546627000.0,2.2,2.17,0.58,18118667000.0,1839541000.0,1345560000.0,685751000.0,9998042000.0,2922439000.0,-3414551000.0,834162000.0,,,3176783000.0
EOG,2013-09-30,False,Q3,2013,10-Q,3541396000.0,769769000.0,462498000.0,1.71,1.69,0.1875,30147270000.0,4191967000.0,3347333000.0,1318817000.0,14861580000.0,5328184000.0,-4763343000.0,-127272000.0,,,5084335000.0
EOG,2016-03-31,False,Q1,2016,10-Q,1354349000.0,-638141000.0,-471776000.0,-0.86,-0.86,0.1675,26338423000.0,2365812000.0,1547972000.0,668481000.0,12405488000.0,291591000.0,-568752000.0,226064000.0,,,547399000.0
EOG,2015-09-30,False,Q3,2015,10-Q,2172428000.0,-6222957000.0,-4075739000.0,-7.47,-7.47,0.1675,27277247000.0,2824958000.0,2046961000.0,742689000.0,13284223000.0,2979352000.0,-4545398000.0,230703000.0,0.0,,3918065000.0
EOG,2015-06-30,False,Q2,2015,10-Q,2469701000.0,39626000.0,5268000.0,0.01,0.01,0.1675,33884096000.0,3737718000.0,2277581000.0,1367395000.0,17427243000.0,1847920000.0,-2867182000.0,307073000.0,0.0,,2611848000.0
EOG,2014-06-30,False,Q2,2014,10-Q,4187556000.0,1144730000.0,706353000.0,1.3,1.29,0.125,33302434000.0,4724745000.0,3537487000.0,1230140000.0,16708388000.0,4202248000.0,-4112564000.0,-174198000.0,,,3724486000.0
EOG,2014-09-30,False,Q3,2014,10-Q,5118616000.0,1786162000.0,1103618000.0,2.03,2.01,0.1675,34500883000.0,4884716000.0,3378746000.0,1481145000.0,17719898000.0,6538717000.0,-6131117000.0,-244063000.0,,,5653035000.0
EOG,2013-12-31,False,FY,2013,10-K,14487118000.0,3675211000.0,2197109000.0,8.13,8.04,0.75,30574238000.0,4072015000.0,2861716000.0,1318209000.0,15418459000.0,7329414000.0,-6314778000.0,-573926000.0,,,6697091000.0
EOG,2014-12-31,False,FY,2014,10-K,18035340000.0,5241823000.0,2915487000.0,5.36,5.32,0.585,34762687000.0,5416021000.0,3384308000.0,2087213000.0,17712582000.0,8649155000.0,-7513565000.0,-327734000.0,,,7519667000.0
EOG,2017-03-31,False,Q1,2017,10-Q,2610565000.0,107746000.0,28517000.0,0.05,0.05,0.1675,29211974000.0,3394076000.0,2032007000.0,1546566000.0,13928231000.0,898049000.0,-836427000.0,-114598000.0,,,912227000.0
EOG,2016-06-30,False,Q2,2016,10-Q,1775740000.0,-288173000.0,-292558000.0,-0.53,-0.53,0.1675,25830538000.0,2450121000.0,1712261000.0,779722000.0,12056701000.0,794737000.0,-881127000.0,136247000.0,,,1143549000.0
EOG,2015-03-31,False,Q1,2015,10-Q,2318538000.0,-172995000.0,-169748000.0,-0.31,-0.31,0.1675,34692454000.0,4793368000.0,3094752000.0,2127419000.0,17470498000.0,960547000.0,-1804222000.0,892572000.0,0.0,,1428733000.0
EOG,2016-09-30,False,Q3,2016,10-Q,2118504000.0,-193480000.0,-190000000.0,-0.35,-0.35,0.1675,25554921000.0,2737764000.0,1732963000.0,1048727000.0,11798312000.0,1554318000.0,-1263611000.0,28164000.0,,,1781547000.0
EOG,2017-06-30,False,Q2,2017,10-Q,2612472000.0,127908000.0,23053000.0,0.04,0.04,0.1675,29263617000.0,3383373000.0,2722254000.0,1649443000.0,13901715000.0,1976425000.0,-1719095000.0,-208305000.0,,,1885417000.0
EOG,2015-12-31,False,FY,2015,10-K,8757428000.0,-6686079000.0,-4524515000.0,-8.29,-8.29,0.67,26975244000.0,2592244000.0,1819287000.0,718506000.0,12943035000.0,3595165000.0,-5320256000.0,370921000.0,,,4725150000.0
EOG,2016-12-31,False,FY,2016,10-K,7650632000.0,-1225281000.0,-1096686000.0,-1.98,-1.98,0.67,29459433000.0,3554603000.0,2027291000.0,1599895000.0,13981581000.0,2359063000.0,-1252944000.0,-242722000.0,,,2489756000.0
EOG,2017-09-30,False,Q3,2017,10-Q,2644844000.0,214836000.0,100541000.0,0.17,0.17,0.1675,28805305000.0,2763963000.0,2180024000.0,846138000.0,13922264000.0,2937788000.0,-2755484000.0,-933454000.0,,,2927988000.0
EOG,2018-03-31,False,Q1,2018,10-Q,3681162000.0,874588000.0,638589000.0,1.11,1.1,0.185,30740517000.0,3585097000.0,2836758000.0,816094000.0,16840639000.0,1552166000.0,-1456427000.0,-113963000.0,,,1365111000.0
EOG,2018-09-30,False,Q3,2018,10-Q,4781624000.0,1506687000.0,1190952000.0,2.06,2.05,0.22,33637736000.0,4817092000.0,4425147000.0,1274132000.0,18538470000.0,5683380000.0,-4878268000.0,-362530000.0,,,4571932000.0
EOG,2018-06-30,False,Q2,2018,10-Q,4238077000.0,964931000.0,696731000.0,1.21,1.2,0.185,32092380000.0,4231852000.0,4297301000.0,1008215000.0,17452394000.0,3493783000.0,-3089618000.0,-227813000.0,,,2980286000.0
EOG,2017-12-31,False,FY,2017,10-K,11208320000.0,926402000.0,2582579000.0,4.49,4.46,0.67,29833078000.0,3279108000.0,2725542000.0,834228000.0,16283273000.0,4265336000.0,-3987409000.0,-1035711000.0,,,3950918000.0
