symbol,end_date,amend,period_focus,fiscal_year,doc_type,revenues,op_income,net_income,eps_basic,eps_diluted,dividend,assets,cur_assets,cur_liab,cash,equity,cash_flow_op,cash_flow_inv,cash_flow_fin,debt,goodwill,cap_ex
ESGR,2013-03-31,False,Q1,2013,10-Q,81450000.0,,11959000.0,0.72,0.72,0.0,8043926000.0,,,640356000.0,1784495000.0,10592000.0,-270675000.0,225260000.0,346970000.0,21222000.0,
ESGR,2011-09-30,False,Q3,2011,10-Q,11609000.0,,12064000.0,0.85,0.83,0.0,6775611000.0,,,762577000.0,1337517000.0,-683540000.0,495963000.0,156855000.0,314569000.0,21222000.0,
ESGR,2011-12-31,False,FY,2011,10-K,108853000.0,,153693000.0,11.03,10.81,0.0,6606138000.0,,,850474000.0,1683411000.0,-909920000.0,691923000.0,259769000.0,242710000.0,21222000.0,
ESGR,2012-06-30,False,Q2,2012,10-Q,24360000.0,,40721000.0,2.48,2.44,0.0,6030941000.0,,,672883000.0,1687076000.0,-186555000.0,146903000.0,-142096000.0,126312000.0,21222000.0,
ESGR,2012-03-31,False,Q1,2012,10-Q,48019000.0,,9674000.0,0.59,0.58,0.0,6459783000.0,,,792815000.0,1665615000.0,-14047000.0,-25034000.0,-11250000.0,243101000.0,21222000.0,
ESGR,2012-09-30,False,Q3,2012,10-Q,49882000.0,,47716000.0,2.9,2.86,0.0,5908470000.0,,,644355000.0,1744189000.0,-256129000.0,197413000.0,-142096000.0,127158000.0,21222000.0,
ESGR,2012-12-31,False,FY,2012,10-K,159942000.0,,168017000.0,10.22,10.1,0.0,5882243000.0,,,654890000.0,1775233000.0,-187350000.0,228631000.0,-233773000.0,107430000.0,21222000.0,
ESGR,2013-06-30,False,Q2,2013,10-Q,77889000.0,,19197000.0,1.16,1.15,0.0,7874748000.0,,,616897000.0,1790221000.0,-11423000.0,-254889000.0,225260000.0,347903000.0,21222000.0,
ESGR,2013-03-31,True,Q1,2013,10-Q,81450000.0,,11959000.0,0.72,0.72,0.0,8043926000.0,,,640356000.0,1784495000.0,10592000.0,-270675000.0,225260000.0,346970000.0,21222000.0,
ESGR,2014-03-31,False,Q1,2014,10-Q,127577000.0,,29587000.0,1.79,1.77,0.0,8709307000.0,,,645823000.0,2013078000.0,-31072000.0,-263779000.0,295800000.0,485239000.0,60071000.0,
ESGR,2013-09-30,False,Q3,2013,10-Q,123091000.0,,39987000.0,2.42,2.39,0.0,8342269000.0,,,520560000.0,1843404000.0,-125600000.0,-263569000.0,266035000.0,355663000.0,21222000.0,
ESGR,2014-09-30,False,Q3,2014,10-Q,212436000.0,,26429000.0,1.38,1.37,0.0,10249445000.0,,,921615000.0,2438025000.0,437825000.0,-284678000.0,137670000.0,320233000.0,73071000.0,
ESGR,2013-12-31,False,FY,2013,10-K,416570000.0,,208604000.0,12.62,12.49,0.0,8620155000.0,,,643841000.0,1977523000.0,-62387000.0,-365789000.0,423076000.0,452446000.0,60070000.0,
ESGR,2014-06-30,False,Q2,2014,10-Q,296485000.0,,51793000.0,2.78,2.68,0.0,10618096000.0,,,1028155000.0,2457854000.0,324197000.0,-158314000.0,217104000.0,386212000.0,73071000.0,
ESGR,2015-09-30,False,Q3,2015,10-Q,268067000.0,,49042000.0,2.55,2.53,0.0,12053610000.0,,,1026052000.0,2458643000.0,-537451000.0,352034000.0,258347000.0,730720000.0,73071000.0,
ESGR,2011-06-30,False,Q2,2011,10-Q,30237000.0,,9375000.0,0.67,0.66,0.0,5200761000.0,,,759724000.0,1346239000.0,-472741000.0,386093000.0,50137000.0,205636000.0,21222000.0,
ESGR,2015-03-31,False,Q1,2015,10-Q,287299000.0,,44847000.0,2.33,2.32,0.0,11509172000.0,,,982501000.0,2549214000.0,-219405000.0,144948000.0,109000000.0,429998000.0,73071000.0,
ESGR,2014-12-31,False,FY,2014,10-K,859517000.0,,213749000.0,11.61,11.44,0.0,9936885000.0,,,963402000.0,2522820000.0,497619000.0,-292098000.0,131586000.0,320041000.0,73071000.0,
ESGR,2015-06-30,False,Q2,2015,10-Q,256398000.0,,14545000.0,0.76,0.75,0.0,12332360000.0,,,1076959000.0,2432928000.0,-478045000.0,260153000.0,337675000.0,650507000.0,73071000.0,
ESGR,2016-03-31,False,Q1,2016,10-Q,315196000.0,,45520000.0,2.36,2.35,0.0,12850350000.0,,,746053000.0,2581654000.0,-162088000.0,102926000.0,-20500000.0,580614000.0,73071000.0,
ESGR,2016-06-30,False,Q2,2016,10-Q,330429000.0,,40594000.0,2.1,2.09,0.0,12659166000.0,,,800846000.0,2619455000.0,-216332000.0,181324000.0,13548000.0,614030000.0,73071000.0,
ESGR,2015-12-31,False,FY,2015,10-K,1029397000.0,,220291000.0,11.44,11.35,0.0,11832132000.0,,,821925000.0,2520783000.0,-739358000.0,487067000.0,129347000.0,600250000.0,73071000.0,
ESGR,2017-03-31,False,Q1,2017,10-Q,280268000.0,,54680000.0,2.82,2.8,0.0,14882877000.0,,,921562000.0,2874083000.0,-94139000.0,43644000.0,56100000.0,730845000.0,73071000.0,
ESGR,2016-12-31,False,FY,2016,10-K,1130995000.0,,264807000.0,13.72,13.62,0.0,12865744000.0,,,954871000.0,2810832000.0,-202689000.0,156709000.0,83441000.0,673603000.0,73071000.0,
ESGR,2017-09-30,False,Q3,2017,10-Q,241401000.0,,38993000.0,2.01,1.99,0.0,14759430000.0,,,624451000.0,3031832000.0,-482246000.0,164204000.0,-57539000.0,653454000.0,73071000.0,
ESGR,2017-06-30,False,Q2,2017,10-Q,286388000.0,,90186000.0,4.65,4.62,0.0,14830771000.0,,,681068000.0,2971643000.0,-262549000.0,121196000.0,-66858000.0,640787000.0,73071000.0,
ESGR,2016-09-30,False,Q3,2016,10-Q,358968000.0,,156048000.0,8.09,8.02,0.0,12470920000.0,,,769039000.0,2780931000.0,-238169000.0,221138000.0,-32202000.0,570618000.0,73071000.0,
ESGR,2018-03-31,False,Q1,2018,10-Q,118479000.0,,-41210000.0,-2.12,-2.12,0.0,15611652000.0,,,652827000.0,3109311000.0,-74214000.0,-230229000.0,212511000.0,860507000.0,73071000.0,
ESGR,2018-06-30,False,Q2,2018,10-Q,255509000.0,,8244000.0,0.4,0.4,0.0,15203212000.0,,,819709000.0,3927148000.0,-112550000.0,-105001000.0,185538000.0,439610000.0,114807000.0,
ESGR,2017-12-31,False,FY,2017,10-K,1106856000.0,,311458000.0,16.06,15.95,0.0,13606422000.0,,,955150000.0,3145948000.0,-343107000.0,293262000.0,-65476000.0,646689000.0,73071000.0,
ESGR,2018-09-30,False,Q3,2018,10-Q,295297000.0,,-15965000.0,-0.74,-0.74,0.0,15121228000.0,,,553419000.0,3915677000.0,90955000.0,-411352000.0,135338000.0,394470000.0,114807000.0,
