symbol,end_date,amend,period_focus,fiscal_year,doc_type,revenues,op_income,net_income,eps_basic,eps_diluted,dividend,assets,cur_assets,cur_liab,cash,equity,cash_flow_op,cash_flow_inv,cash_flow_fin,debt,goodwill,cap_ex
ESL,2010-07-30,False,Q3,2010,10-Q,383486000.0,49450000.0,39858000.0,1.33,1.3,0.0,2402293000.0,902790000.0,302584000.0,282910000.0,1333211000.0,134207000.0,-37007000.0,12656000.0,,733537000.0,36667000.0
ESL,2011-04-29,False,Q2,2011,10-Q,435277000.0,67287000.0,45914000.0,1.51,1.47,0.0,2814920000.0,1107952000.0,443097000.0,391514000.0,1585625000.0,89445000.0,-142520000.0,6609000.0,,835167000.0,26315000.0
ESL,2018-12-28,False,Q1,2019,10-Q,1604378000.0,,33798000.0,1.14,1.13,0.0,3017381000.0,1322135000.0,378046000.0,391182000.0,1857506000.0,20701000.0,-6868000.0,14563000.0,180000000.0,1013461000.0,11136000.0
ESL,2011-01-28,False,Q1,2011,10-Q,370799000.0,46411000.0,29991000.0,0.99,0.97,0.0,2661848000.0,1020561000.0,330218000.0,351481000.0,1454493000.0,49645000.0,-131786000.0,11417000.0,,806338000.0,14633000.0
ESL,2010-10-29,False,FY,2010,10-K,1526601000.0,188176000.0,141920000.0,4.73,4.66,0.0,2587738000.0,1076585000.0,324377000.0,422120000.0,1415499000.0,179801000.0,-20719000.0,84260000.0,,739730000.0,45540000.0
ESL,2011-07-29,False,Q3,2011,10-Q,409512000.0,50412000.0,37695000.0,1.23,1.21,0.0,3499270000.0,1114016000.0,461633000.0,207838000.0,1600580000.0,158459000.0,-860228000.0,481229000.0,,1190506000.0,35227000.0
ESL,2013-01-25,False,Q1,2013,10-Q,457962000.0,38658000.0,25111000.0,0.81,0.8,0.0,3235404000.0,1047990000.0,383310000.0,202776000.0,1665262000.0,86546000.0,-12203000.0,-32385000.0,,1105656000.0,12253000.0
ESL,2013-04-26,False,Q2,2013,10-Q,499562000.0,57440000.0,35522000.0,1.14,1.12,0.0,3187586000.0,1023843000.0,379002000.0,169177000.0,1681507000.0,122684000.0,-65079000.0,-46852000.0,,1107514000.0,25085000.0
ESL,2012-07-27,False,Q3,2012,10-Q,485949000.0,2123000.0,-17104000.0,-0.55,-0.55,0.0,3202026000.0,1045427000.0,408689000.0,213073000.0,1540932000.0,151247000.0,-38317000.0,-79249000.0,,1076874000.0,39456000.0
ESL,2012-04-27,False,Q2,2012,10-Q,504831000.0,67919000.0,45191000.0,1.47,1.44,0.0,3327558000.0,1056884000.0,403617000.0,191095000.0,1617540000.0,85303000.0,-25623000.0,-50430000.0,,1141347000.0,25777000.0
ESL,2011-10-28,False,FY,2011,10-K,1717985000.0,197914000.0,133040000.0,4.36,4.27,0.0,3378586000.0,1039313000.0,418361000.0,185035000.0,1573918000.0,192429000.0,-869021000.0,436420000.0,1031623000.0,1163725000.0,49507000.0
ESL,2012-10-26,False,FY,2012,10-K,1992318000.0,189306000.0,112535000.0,3.66,3.6,0.0,3227117000.0,1035693000.0,396346000.0,160675000.0,1620535000.0,194171000.0,-48502000.0,-167820000.0,918330000.0,1098962000.0,49446000.0
ESL,2013-07-26,False,Q3,2013,10-Q,478068000.0,49523000.0,38238000.0,1.22,1.2,0.0,3224911000.0,1062835000.0,400705000.0,199248000.0,1734664000.0,196279000.0,-77539000.0,-78237000.0,,1106867000.0,37765000.0
ESL,2012-01-27,False,Q1,2012,10-Q,470882000.0,36989000.0,22788000.0,0.74,0.73,0.0,3287763000.0,1023727000.0,405698000.0,193289000.0,1536082000.0,46647000.0,-12485000.0,-22058000.0,,1130489000.0,12926000.0
ESL,2013-10-25,False,FY,2013,10-K,1969754000.0,237923000.0,164734000.0,5.28,5.19,0.0,3262112000.0,1091715000.0,408092000.0,179178000.0,1884752000.0,250772000.0,-93721000.0,-141023000.0,761871000.0,1128977000.0,55335000.0
ESL,2014-01-31,False,Q1,2014,10-Q,504980000.0,45787000.0,30078000.0,0.95,0.93,0.0,3270335000.0,1096351000.0,383549000.0,208438000.0,1895244000.0,49923000.0,-56132000.0,38568000.0,,1130754000.0,11533000.0
ESL,2014-05-02,False,Q2,2014,10-Q,529574000.0,54996000.0,36904000.0,1.16,1.14,0.0,3325414000.0,1138824000.0,388160000.0,207443000.0,1989977000.0,84452000.0,-65340000.0,8172000.0,,1143226000.0,21297000.0
ESL,2014-08-01,False,Q3,2014,10-Q,531124000.0,,38908000.0,1.22,1.19,0.0,3308458000.0,1153594000.0,380680000.0,210456000.0,2010791000.0,134715000.0,-79754000.0,-22105000.0,,1132987000.0,35009000.0
ESL,2016-04-01,False,Q2,2016,10-Q,490310000.0,,14973000.0,0.51,0.5,0.0,3012040000.0,1113860000.0,413879000.0,219271000.0,1572313000.0,79884000.0,-43631000.0,-9249000.0,,1042283000.0,42506000.0
ESL,2014-10-31,False,FY,2014,10-K,2051169000.0,,102418000.0,3.22,3.16,0.0,3193467000.0,1169504000.0,408129000.0,238144000.0,1898000000.0,216364000.0,-89851000.0,-55208000.0,691234000.0,1071786000.0,45678000.0
ESL,2015-05-01,False,Q2,2015,10-Q,500080000.0,,19810000.0,0.64,0.63,0.0,3176368000.0,1166704000.0,407592000.0,172645000.0,1680486000.0,55678000.0,-194505000.0,88043000.0,120000000.0,1074437000.0,23435000.0
ESL,2015-07-31,False,Q3,2015,10-Q,496217000.0,,28497000.0,0.94,0.92,0.0,3085652000.0,1138542000.0,395546000.0,187682000.0,1554669000.0,104200000.0,-176794000.0,40144000.0,,1040443000.0,37777000.0
ESL,2016-07-01,False,Q3,2016,10-Q,517092000.0,,29356000.0,1.0,0.99,0.0,3004117000.0,1148549000.0,410547000.0,237845000.0,1577384000.0,118612000.0,-56018000.0,-12891000.0,,1027873000.0,58547000.0
ESL,2015-01-30,False,Q1,2015,10-Q,446344000.0,,8319000.0,0.26,0.26,0.0,3083390000.0,1203699000.0,379283000.0,128122000.0,1673649000.0,5196000.0,-193171000.0,91530000.0,280000000.0,1003380000.0,13080000.0
ESL,2016-12-30,False,Q1,2017,10-Q,457733000.0,,16189000.0,0.55,0.54,0.0,2927800000.0,1140408000.0,367199000.0,278024000.0,1585599000.0,45535000.0,-15298000.0,1793000.0,,992810000.0,15298000.0
ESL,2017-03-31,False,Q2,2017,10-Q,509182000.0,,35113000.0,1.18,1.17,0.0,2946476000.0,1154464000.0,376521000.0,253475000.0,1650886000.0,91345000.0,-28477000.0,-58710000.0,231250000.0,1000806000.0,29077000.0
ESL,2016-01-01,False,Q1,2016,10-Q,441477000.0,,5084000.0,0.17,0.17,0.0,2919322000.0,1098528000.0,398737000.0,200891000.0,1517320000.0,40652000.0,-14862000.0,-11235000.0,,1019506000.0,14862000.0
ESL,2016-09-30,False,FY,2016,10-K,1992631000.0,,101685000.0,3.45,3.42,0.0,3032031000.0,1175788000.0,398498000.0,258520000.0,1611131000.0,167158000.0,-65943000.0,-29388000.0,950225000.0,1024667000.0,68472000.0
ESL,2017-09-29,False,FY,2017,10-K,2002195000.0,,117387000.0,3.94,3.91,0.0,3130323000.0,1280457000.0,393430000.0,307826000.0,1847128000.0,193461000.0,-57440000.0,-94426000.0,854520000.0,1053573000.0,58040000.0
ESL,2017-09-29,True,FY,2017,10-K,2000304000.0,,111554000.0,3.75,3.72,0.0,3120013000.0,1268709000.0,393792000.0,307826000.0,1835276000.0,193449000.0,-57440000.0,-94426000.0,854520000.0,1053573000.0,58040000.0
ESL,2017-06-30,False,Q3,2017,10-Q,503753000.0,,30473000.0,1.02,1.01,0.0,3049631000.0,1210074000.0,376282000.0,279398000.0,1747548000.0,138871000.0,-41553000.0,-77086000.0,228125000.0,1032034000.0,42153000.0
ESL,2017-12-29,False,Q1,2018,10-Q,482045000.0,,-34981000.0,-1.17,-1.17,0.0,3115056000.0,1274567000.0,371954000.0,354872000.0,1791696000.0,62438000.0,-13402000.0,-3054000.0,221875000.0,1058293000.0,13402000.0
ESL,2018-06-29,False,Q3,2018,10-Q,499871000.0,,27823000.0,0.95,0.94,0.0,3034450000.0,1282684000.0,378031000.0,351039000.0,1775912000.0,119394000.0,8999000.0,-76452000.0,215625000.0,1031234000.0,39249000.0
ESL,2018-03-30,False,Q2,2018,10-Q,517629000.0,,23877000.0,0.81,0.8,0.0,3139527000.0,1320867000.0,402062000.0,367954000.0,1804160000.0,89718000.0,20528000.0,-53665000.0,218750000.0,1060668000.0,27720000.0
ESL,2018-09-28,False,FY,2018,10-K,2034839000.0,,69458000.0,2.35,2.34,0.0,3036917000.0,1303877000.0,403018000.0,372406000.0,1843127000.0,214081000.0,-2042000.0,-138707000.0,734930000.0,1030667000.0,53292000.0
