symbol,end_date,amend,period_focus,fiscal_year,doc_type,revenues,op_income,net_income,eps_basic,eps_diluted,dividend,assets,cur_assets,cur_liab,cash,equity,cash_flow_op,cash_flow_inv,cash_flow_fin,debt,goodwill,cap_ex
ESSA,2012-12-31,False,Q1,2013,10-Q,15976000.0,,2879000.0,0.24,0.24,0.05,1405642000.0,,,12443000.0,177347000.0,6060000.0,8220000.0,-9913000.0,,8541000.0,245000.0
ESSA,2018-12-31,False,Q1,2019,10-Q,18995000.0,,3009000.0,0.27,0.27,0.1,1862878000.0,,,35849000.0,184775000.0,3349000.0,-32519000.0,25281000.0,,13801000.0,
ESSA,2012-09-30,False,FY,2012,10-K,25403000.0,,215000.0,0.02,0.02,0.2,1418786000.0,,,11034000.0,175411000.0,5327000.0,75398000.0,-106869000.0,,8541000.0,799000.0
ESSA,2013-06-30,False,Q3,2013,10-Q,14291000.0,,1876000.0,0.16,0.16,0.05,1378417000.0,,,12477000.0,165050000.0,19383000.0,23205000.0,-37812000.0,,8817000.0,723000.0
ESSA,2014-03-31,False,Q2,2014,10-Q,13275000.0,,1502000.0,0.14,0.14,0.07,1365394000.0,,,12895000.0,167734000.0,7206000.0,24970000.0,-18162000.0,,10259000.0,267000.0
ESSA,2013-03-31,False,Q2,2013,10-Q,15148000.0,,2040000.0,0.17,0.17,0.05,1385876000.0,,,11006000.0,171757000.0,12420000.0,27491000.0,-31501000.0,,8541000.0,481000.0
ESSA,2013-12-31,False,Q1,2014,10-Q,13809000.0,,2004000.0,0.18,0.18,0.05,1355196000.0,,,11293000.0,166549000.0,3173000.0,1506000.0,-16510000.0,,8817000.0,48000.0
ESSA,2013-09-30,False,FY,2013,10-K,15438000.0,,8823000.0,0.76,0.76,0.2,1372315000.0,,,22393000.0,166446000.0,23194000.0,34229000.0,-46325000.0,,8817000.0,806000.0
ESSA,2012-03-31,False,Q2,2012,10-Q,12457000.0,,659000.0,0.06,0.06,0.05,1114204000.0,,,6432000.0,162030000.0,6534000.0,-40431000.0,15178000.0,,40000.0,352000.0
ESSA,2014-06-30,False,Q3,2014,10-Q,15885000.0,,2626000.0,0.24,0.24,0.07,1559178000.0,,,18600000.0,171297000.0,10713000.0,9585000.0,-23466000.0,,10259000.0,498000.0
ESSA,2011-09-30,False,FY,2011,10-K,53501000.0,,5258000.0,0.46,0.46,0.2,1097480000.0,,,9801000.0,161679000.0,10188000.0,4084000.0,16532000.0,,40000.0,353000.0
ESSA,2012-06-30,False,Q3,2012,10-Q,12071000.0,,794000.0,0.07,0.07,0.05,1113063000.0,,,8624000.0,163674000.0,9511000.0,-39979000.0,11558000.0,,413000.0,694000.0
ESSA,2011-06-30,False,Q3,2011,10-Q,13301000.0,,1241000.0,0.11,0.11,0.05,1102623000.0,,,8604000.0,164599000.0,6961000.0,-23267000.0,27213000.0,,40000.0,297000.0
ESSA,2011-12-31,False,Q1,2012,10-Q,12553000.0,,886000.0,0.08,0.08,0.05,1097071000.0,,,9087000.0,161517000.0,3913000.0,-15764000.0,-779000.0,,40000.0,221000.0
ESSA,2014-09-30,False,FY,2014,10-K,27381000.0,,8504000.0,0.79,0.79,0.26,1574815000.0,,,20884000.0,167309000.0,14468000.0,-9705000.0,-9110000.0,,10259000.0,677000.0
ESSA,2014-12-31,False,Q1,2015,10-Q,15522000.0,,2596000.0,0.25,0.25,0.07,1567754000.0,,,15827000.0,169486000.0,3546000.0,4698000.0,-10079000.0,,10259000.0,275000.0
ESSA,2015-03-31,False,Q2,2015,10-Q,15481000.0,,2432000.0,0.23,0.23,0.09,1584571000.0,,,13392000.0,172505000.0,8611000.0,-15851000.0,1549000.0,,10259000.0,454000.0
ESSA,2015-09-30,False,FY,2015,10-K,8376000.0,,9791000.0,0.94,0.93,0.34,1606544000.0,,,15905000.0,171280000.0,19336000.0,-40366000.0,17487000.0,,10259000.0,878000.0
ESSA,2015-06-30,False,Q3,2015,10-Q,15516000.0,,2457000.0,0.24,0.23,0.09,1598824000.0,,,16017000.0,171327000.0,14019000.0,-33271000.0,14643000.0,,10259000.0,604000.0
ESSA,2016-06-30,False,Q3,2016,10-Q,17019000.0,,2112000.0,0.2,0.2,0.09,1766681000.0,,,24049000.0,177450000.0,13800000.0,-5151000.0,-1429000.0,,13801000.0,766000.0
ESSA,2015-12-31,False,Q1,2016,10-Q,15632000.0,,1957000.0,0.19,0.19,0.09,1763413000.0,,,21448000.0,170028000.0,3355000.0,-1728000.0,5343000.0,,13801000.0,400000.0
ESSA,2016-03-31,False,Q2,2016,10-Q,17436000.0,,2129000.0,0.2,0.2,0.09,1763289000.0,,,20917000.0,174561000.0,8213000.0,-2667000.0,-421000.0,,13801000.0,579000.0
ESSA,2017-03-31,False,Q2,2017,10-Q,16163000.0,,1631000.0,0.15,0.15,0.09,1758729000.0,,,26495000.0,178769000.0,12252000.0,-6139000.0,-13328000.0,,13801000.0,383000.0
ESSA,2017-09-30,False,FY,2017,10-K,426000.0,,7339000.0,0.69,0.69,0.36,1785218000.0,,,36008000.0,182727000.0,19482000.0,-30207000.0,8750000.0,,13801000.0,36000.0
ESSA,2016-12-31,False,Q1,2017,10-Q,16507000.0,,1937000.0,0.18,0.18,0.09,1778610000.0,,,32683000.0,171439000.0,5394000.0,-19502000.0,10301000.0,,13801000.0,238000.0
ESSA,2017-06-30,False,Q3,2017,10-Q,16528000.0,,1762000.0,0.16,0.16,0.09,1763797000.0,,,27023000.0,180551000.0,14580000.0,-15392000.0,-9287000.0,,13801000.0,453000.0
ESSA,2016-09-30,False,FY,2016,10-K,34383000.0,,7727000.0,0.74,0.73,0.36,1772479000.0,,,31815000.0,176344000.0,18159000.0,4674000.0,2067000.0,,13801000.0,1098000.0
ESSA,2018-03-31,False,Q2,2018,10-Q,17792000.0,,2263000.0,0.21,0.21,0.09,1820924000.0,,,29112000.0,177378000.0,10877000.0,-57553000.0,39797000.0,,13801000.0,
ESSA,2018-06-30,False,Q3,2018,10-Q,18615000.0,,2821000.0,0.26,0.26,0.09,1827274000.0,,,32750000.0,178810000.0,18206000.0,-64882000.0,42900000.0,,13801000.0,
ESSA,2018-09-30,False,FY,2018,10-K,517000.0,,6531000.0,0.6,0.6,0.36,1833790000.0,,,39197000.0,179186000.0,23386000.0,-69732000.0,48202000.0,,13801000.0,
ESSA,2017-12-31,False,Q1,2018,10-Q,17345000.0,,-1638000.0,-0.15,-0.15,0.09,1822416000.0,,,33638000.0,179479000.0,5864000.0,-47395000.0,38633000.0,,13801000.0,
