symbol,end_date,amend,period_focus,fiscal_year,doc_type,revenues,op_income,net_income,eps_basic,eps_diluted,dividend,assets,cur_assets,cur_liab,cash,equity,cash_flow_op,cash_flow_inv,cash_flow_fin,debt,goodwill,cap_ex
ESV,2009-09-30,False,Q3,2009,10-Q,425400000.0,175200000.0,149700000.0,1.05,1.05,0.025,6455200000.0,1550800000.0,403000000.0,1017200000.0,5291500000.0,938200000.0,-677900000.0,-21700000.0,,336200000.0,684700000.0
ESV,2010-03-31,False,Q1,2010,10-Q,449400000.0,190000000.0,189800000.0,1.33,1.33,0.025,6782700000.0,1700800000.0,336600000.0,1229400000.0,5699800000.0,144100000.0,-77500000.0,-4800000.0,,336200000.0,167700000.0
ESV,2011-06-30,False,Q2,2011,10-Q,880800000.0,147000000.0,100900000.0,0.59,0.59,0.35,17511400000.0,1566300000.0,1194700000.0,554000000.0,10578300000.0,175800000.0,-2881700000.0,2209100000.0,4917400000.0,3295000000.0,265600000.0
ESV,2010-06-30,False,Q2,2010,10-Q,406300000.0,124500000.0,124800000.0,0.89,0.89,0.35,6921000000.0,1687600000.0,416400000.0,1237100000.0,5773700000.0,343600000.0,-203500000.0,-80800000.0,,336200000.0,336600000.0
ESV,2018-12-31,False,FY,2018,10-K,1705400000.0,-235900000.0,-639700000.0,-1.45,-1.45,0.01,14023700000.0,1309700000.0,528500000.0,275100000.0,8088800000.0,-55700000.0,-304700000.0,188200000.0,666800000.0,,426700000.0
ESV,2011-03-31,False,Q1,2011,10-Q,361500000.0,80300000.0,63600000.0,0.45,0.45,0.35,9665100000.0,3885200000.0,2932400000.0,3432100000.0,5991900000.0,125200000.0,-130500000.0,2386600000.0,,336200000.0,131000000.0
ESV,2009-12-31,False,FY,2009,10-K,1945900000.0,950500000.0,779400000.0,5.48,5.48,0.1,6747200000.0,1652800000.0,484900000.0,1141400000.0,5507100000.0,1221700000.0,-853700000.0,-34200000.0,,336200000.0,861300000.0
ESV,2012-03-31,False,Q1,2012,10-Q,1030700000.0,328600000.0,262700000.0,1.15,1.15,0.375,17948000000.0,1297000000.0,1239000000.0,208900000.0,11087600000.0,547300000.0,-759000000.0,-10600000.0,,3263000000.0,764100000.0
ESV,2010-12-31,False,FY,2010,10-K,421400000.0,626300000.0,572100000.0,4.06,4.06,1.075,7051500000.0,1436700000.0,349000000.0,1050700000.0,5965000000.0,816700000.0,-715700000.0,-192600000.0,240100000.0,336200000.0,875300000.0
ESV,2011-09-30,False,Q3,2011,10-Q,915600000.0,261500000.0,202200000.0,0.89,0.88,0.35,17650200000.0,1514400000.0,1255200000.0,479900000.0,10716100000.0,402000000.0,-3112800000.0,2140700000.0,5124600000.0,3296100000.0,498400000.0
ESV,2011-12-31,False,FY,2011,10-K,458200000.0,794300000.0,593500000.0,3.09,3.08,1.4,17871200000.0,1644700000.0,1323400000.0,430700000.0,10884500000.0,732300000.0,-3355600000.0,2004100000.0,5050100000.0,3288800000.0,741600000.0
ESV,2010-09-30,False,Q3,2010,10-Q,428300000.0,158000000.0,128700000.0,0.91,0.91,0.35,7110100000.0,1525900000.0,477900000.0,905200000.0,5873000000.0,521400000.0,-604000000.0,-131400000.0,,336200000.0,737500000.0
ESV,2012-06-30,False,Q2,2012,10-Q,1065900000.0,407300000.0,337800000.0,1.47,1.47,0.375,18158200000.0,1460500000.0,1151200000.0,226700000.0,11415400000.0,1010600000.0,-985500000.0,-230300000.0,,3274000000.0,1047100000.0
ESV,2012-09-30,False,Q3,2012,10-Q,1026700000.0,415100000.0,339900000.0,1.48,1.48,0.375,18234300000.0,1410600000.0,914900000.0,159800000.0,11693900000.0,1587600000.0,-1517000000.0,-343400000.0,,3274000000.0,1583800000.0
ESV,2013-03-31,False,Q1,2013,10-Q,844900000.0,402300000.0,313800000.0,1.36,1.36,0.5,18592500000.0,1784900000.0,845400000.0,561800000.0,12068600000.0,342100000.0,-167400000.0,-115700000.0,,3274000000.0,168300000.0
ESV,2012-12-31,False,FY,2012,10-K,3858000000.0,1565200000.0,1169700000.0,5.05,5.04,1.5,18565300000.0,1723900000.0,989700000.0,487100000.0,11852100000.0,2200200000.0,-1844500000.0,-435500000.0,4845900000.0,3274000000.0,1802200000.0
ESV,2009-06-30,False,Q2,2009,10-Q,511600000.0,268500000.0,200300000.0,1.41,1.41,0.025,6349000000.0,1537400000.0,455000000.0,882000000.0,5128600000.0,586200000.0,-464900000.0,-18400000.0,,336200000.0,471500000.0
ESV,2013-09-30,False,Q3,2013,10-Q,891400000.0,456300000.0,378800000.0,1.62,1.62,0.5,19142900000.0,1517100000.0,940500000.0,325400000.0,12602600000.0,1432400000.0,-1228900000.0,-379900000.0,,3274000000.0,1282700000.0
ESV,2014-03-31,False,Q1,2014,10-Q,773700000.0,384500000.0,292500000.0,1.25,1.25,0.75,19521200000.0,1472400000.0,952900000.0,122500000.0,12930800000.0,416600000.0,-270800000.0,-189000000.0,,3274000000.0,274100000.0
ESV,2013-06-30,False,Q2,2013,10-Q,1046100000.0,452000000.0,360900000.0,1.55,1.55,0.5,18806600000.0,1783500000.0,861300000.0,489800000.0,12317800000.0,784200000.0,-547200000.0,-249200000.0,,3274000000.0,598600000.0
ESV,2013-12-31,False,FY,2013,10-K,3471500000.0,1758600000.0,1418200000.0,6.08,6.07,2.25,19472900000.0,1535200000.0,1047300000.0,165600000.0,12798900000.0,1980300000.0,-1740200000.0,-577100000.0,4766400000.0,3274000000.0,1779200000.0
ESV,2014-12-31,False,FY,2014,10-K,3490900000.0,-2400900000.0,-3902600000.0,-16.88,-16.88,3.0,16059900000.0,2934800000.0,1104600000.0,664800000.0,8222900000.0,2057900000.0,-2106900000.0,442700000.0,5920400000.0,276100000.0,1568800000.0
ESV,2015-06-30,False,Q2,2015,10-Q,2118000000.0,386200000.0,260300000.0,1.15,1.15,0.15,16338100000.0,2640600000.0,928300000.0,648300000.0,8761900000.0,891000000.0,-805500000.0,-97400000.0,,276100000.0,913900000.0
ESV,2014-06-30,False,Q2,2014,10-Q,674900000.0,-540100000.0,-1172700000.0,-2.69,-2.69,0.75,18271200000.0,1775800000.0,1090000000.0,145000000.0,11592800000.0,989300000.0,-612700000.0,-388300000.0,,3274000000.0,631800000.0
ESV,2014-09-30,False,Q3,2014,10-Q,643100000.0,559600000.0,429400000.0,1.93,1.93,0.75,19772500000.0,3030400000.0,1131500000.0,1173700000.0,11849000000.0,1585300000.0,-1232500000.0,659900000.0,,3274000000.0,1247000000.0
ESV,2015-09-30,False,Q3,2015,10-Q,2024400000.0,402700000.0,292000000.0,1.34,1.34,0.15,16440800000.0,2412600000.0,803100000.0,240400000.0,9021800000.0,1274600000.0,-1537100000.0,-148900000.0,,276100000.0,1445800000.0
ESV,2016-03-31,False,Q1,2016,10-Q,1628000000.0,313600000.0,175300000.0,0.74,0.74,0.01,13610000000.0,2322800000.0,1507400000.0,1084000000.0,6706400000.0,233100000.0,727000000.0,-2900000.0,,,158100000.0
ESV,2015-12-31,False,FY,2015,10-K,8126800000.0,-1243500000.0,-1594800000.0,-6.88,-6.88,0.6,13637000000.0,2285100000.0,775500000.0,121300000.0,6517200000.0,1697900000.0,-2040600000.0,-191800000.0,5895100000.0,0.0,1619500000.0
ESV,2016-09-30,False,Q3,2016,10-Q,1096400000.0,115400000.0,85300000.0,0.28,0.28,0.01,13602300000.0,2465700000.0,590200000.0,465400000.0,7981000000.0,994800000.0,-369800000.0,-287700000.0,,,255500000.0
ESV,2017-03-31,False,Q1,2017,10-Q,942200000.0,57800000.0,-25700000.0,-0.09,-0.09,0.01,13972300000.0,2713600000.0,546100000.0,271700000.0,8225800000.0,104600000.0,-645400000.0,-346700000.0,,,282600000.0
ESV,2016-06-30,False,Q2,2016,10-Q,1819200000.0,419600000.0,590600000.0,2.04,2.04,0.01,13765000000.0,2554700000.0,610800000.0,790300000.0,7886900000.0,800200000.0,-31800000.0,-106700000.0,,,209400000.0
ESV,2017-06-30,False,Q2,2017,10-Q,915000000.0,27800000.0,-45500000.0,-0.15,-0.15,0.01,13723900000.0,2531800000.0,503000000.0,169600000.0,8190300000.0,130500000.0,-568700000.0,-552300000.0,,,332600000.0
ESV,2017-09-30,False,Q3,2017,10-Q,920400000.0,35800000.0,-25400000.0,-0.08,-0.08,0.01,13682900000.0,2461500000.0,488700000.0,724400000.0,8167300000.0,219600000.0,-98800000.0,-556400000.0,,,474100000.0
ESV,2016-12-31,False,FY,2016,10-K,5552800000.0,929300000.0,890200000.0,3.1,3.1,0.04,14374500000.0,3279300000.0,854400000.0,1159700000.0,8255000000.0,1077400000.0,-575000000.0,529000000.0,5394400000.0,,322200000.0
ESV,2015-03-31,False,Q1,2015,10-Q,2327800000.0,478400000.0,324700000.0,1.38,1.38,0.15,16346200000.0,3053800000.0,1133600000.0,887800000.0,8515100000.0,467700000.0,-384700000.0,148200000.0,,276100000.0,397100000.0
ESV,2018-09-30,False,Q3,2018,10-Q,430900000.0,-41900000.0,-145000000.0,-0.33,-0.33,0.01,14218600000.0,1382500000.0,535800000.0,196000000.0,8290200000.0,-82200000.0,-362700000.0,193700000.0,,,378700000.0
ESV,2018-06-30,False,Q2,2018,10-Q,917000000.0,-32600000.0,-151000000.0,-0.33,-0.33,0.01,14340600000.0,1462800000.0,549800000.0,485500000.0,8433900000.0,-18000000.0,-144000000.0,200300000.0,,,331900000.0
ESV,2018-03-31,False,Q1,2018,10-Q,834000000.0,-51300000.0,-140100000.0,-0.32,-0.32,0.01,14533700000.0,1578700000.0,573300000.0,465400000.0,8591100000.0,39500000.0,-228200000.0,206500000.0,,,269300000.0
ESV,2017-12-31,False,FY,2017,10-K,3686000000.0,-132000000.0,-303700000.0,-0.91,-0.91,0.04,14625900000.0,1612000000.0,758500000.0,445400000.0,8730000000.0,259400000.0,-403000000.0,-570500000.0,635700000.0,,536700000.0
