symbol,end_date,amend,period_focus,fiscal_year,doc_type,revenues,op_income,net_income,eps_basic,eps_diluted,dividend,assets,cur_assets,cur_liab,cash,equity,cash_flow_op,cash_flow_inv,cash_flow_fin,debt,goodwill,cap_ex
EVI,2013-09-30,False,Q1,2014,10-Q,8327206.0,683205.0,425771.0,0.06,0.06,0.0,12950709.0,12699070.0,6841273.0,8363053.0,6109436.0,2423525.0,-4732.0,,,,4732.0
EVI,2018-12-31,False,Q2,2019,10-Q,60841000.0,2102000.0,1174000.0,0.1,0.1,0.0,144540000.0,68093000.0,33449000.0,10173000.0,72613000.0,-9855000.0,-8431000.0,27129000.0,37545000.0,47977000.0,1200000.0
EVI,2013-03-31,False,Q3,2013,10-Q,6515809.0,400301.0,249887.0,0.04,0.04,0.0,13345693.0,13042794.0,8742385.0,6232167.0,4603308.0,3948006.0,-23540.0,-4220239.0,,,23540.0
EVI,2012-09-30,False,Q1,2012,10-Q,6458651.0,242424.0,151839.0,0.02,0.02,0.0,16496406.0,16158932.0,8047902.0,10397999.0,8448504.0,3893599.0,-23540.0,,,,23540.0
EVI,2013-06-30,False,FY,2013,10-K,35979673.0,2571089.0,1607238.0,0.23,0.23,0.6,11052330.0,10789262.0,5368665.0,5944260.0,5683665.0,3660098.0,-23540.0,-4220238.0,,,23540.0
EVI,2012-12-31,False,Q2,2013,10-Q,6402634.0,196965.0,125155.0,0.02,0.02,0.0,10254910.0,9937616.0,5901489.0,5775499.0,4353421.0,3491338.0,-23540.0,-4220239.0,,,23540.0
EVI,2012-06-30,False,FY,2012,10-K,22075970.0,808738.0,511689.0,0.07,0.07,0.05,10872597.0,10555618.0,2575932.0,6527940.0,8296665.0,38053.0,-65446.0,-351687.0,,,65446.0
EVI,2014-09-30,False,Q1,2015,10-Q,9044505.0,742999.0,463961.0,0.07,0.07,0.0,10265547.0,9976024.0,5311111.0,4500267.0,4954436.0,-4676571.0,-47502.0,,,,47502.0
EVI,2012-03-31,False,Q3,2012,10-Q,5039940.0,114233.0,73684.0,0.01,0.01,0.0,12099831.0,11775100.0,3992276.0,6828598.0,8107555.0,279379.0,-6115.0,-351686.0,,,6115.0
EVI,2011-12-31,False,Q2,2012,10-Q,4912820.0,23871.0,15396.0,0.01,0.01,0.0,10648535.0,10346296.0,2614664.0,6665791.0,8033871.0,115507.0,-5050.0,-351686.0,,,5050.0
EVI,2013-12-31,False,Q2,2014,10-Q,9737594.0,764994.0,477306.0,0.07,0.07,0.0,10573982.0,10334014.0,6800734.0,6476173.0,3773248.0,3353293.0,-7887.0,-2813493.0,,,7887.0
EVI,2015-06-30,False,FY,2015,10-K,30176957.0,2678445.0,1671817.0,0.24,0.24,0.2,9282772.0,9036847.0,4527226.0,3908974.0,4755546.0,-3850599.0,-58021.0,-1406746.0,,,58021.0
EVI,2015-03-31,False,Q3,2015,10-Q,6799609.0,691611.0,431961.0,0.06,0.06,0.0,9199171.0,8935667.0,4735108.0,4073013.0,4464063.0,-3686560.0,-58021.0,-1406746.0,,,58021.0
EVI,2014-03-31,False,Q3,2014,10-Q,6489625.0,504337.0,314677.0,0.04,0.04,0.0,9201812.0,8970503.0,5113886.0,4933952.0,4087926.0,1821182.0,-17997.0,-2813493.0,,,17997.0
EVI,2014-12-31,False,Q2,2015,10-Q,6758533.0,776780.0,484412.0,0.07,0.07,0.0,8693078.0,8414452.0,4660976.0,5380559.0,4032102.0,-2384535.0,-52500.0,-1406746.0,,,52500.0
EVI,2014-06-30,False,FY,2014,10-K,33110753.0,2598709.0,1620304.0,0.23,0.23,0.4,13818087.0,13574578.0,9327612.0,9224340.0,4490475.0,6158684.0,-65110.0,-2813494.0,,,65110.0
EVI,2015-12-31,False,Q2,2016,10-Q,8604796.0,607803.0,379173.0,0.05,0.05,0.0,9644720.0,9449485.0,5759715.0,4595858.0,3885005.0,2095193.0,-1563.0,-1406746.0,,,1563.0
EVI,2011-09-30,False,Q1,2011,10-Q,6234500.0,372405.0,233498.0,0.03,0.03,0.0,11851533.0,11541294.0,3481372.0,6791165.0,8370161.0,-115855.0,,,,,
EVI,2015-09-30,False,Q1,2016,10-Q,6168137.0,251794.0,157032.0,0.02,0.02,0.0,12418354.0,12189274.0,7505775.0,8306305.0,4912579.0,4397331.0,,,,,
EVI,2016-03-31,False,Q3,2016,10-Q,12737416.0,1240773.0,773753.0,0.11,0.11,0.0,10565577.0,10380747.0,5906819.0,2955417.0,4658758.0,454752.0,-1563.0,-1406746.0,,,1563.0
EVI,2016-09-30,False,Q1,2017,10-Q,9471992.0,565559.0,351944.0,0.05,0.05,0.0,9744539.0,9579869.0,4303755.0,1456492.0,5440784.0,-2485407.0,,,,,
EVI,2016-06-30,False,FY,2016,10-K,36015641.0,2790921.0,1740040.0,0.25,0.25,0.2,10160757.0,9986267.0,5071917.0,3941899.0,5088840.0,1441234.0,-1563.0,-1406746.0,,,1563.0
EVI,2017-12-31,False,Q2,2018,10-Q,36135000.0,2208000.0,1398000.0,0.13,0.13,0.0,77945000.0,33070000.0,25649000.0,1185000.0,42391000.0,408000.0,-6293000.0,6343000.0,11100000.0,29808000.0,116000.0
EVI,2017-06-30,False,FY,2017,10-K,93978000.0,5350000.0,2919000.0,0.31,0.31,0.1,57135000.0,23800000.0,21180000.0,727000.0,32224000.0,2590000.0,-14945000.0,9140000.0,4445000.0,24753000.0,237000.0
EVI,2018-09-30,False,Q1,2019,10-Q,43375000.0,1432000.0,738000.0,0.07,0.06,0.0,121100000.0,51029000.0,31732000.0,1877000.0,68623000.0,-5862000.0,-4941000.0,11350000.0,21367000.0,43993000.0,647000.0
EVI,2017-09-30,False,Q1,2017,10-Q,26273000.0,983000.0,519000.0,0.05,0.05,0.0,55595000.0,22400000.0,18290000.0,414000.0,33144000.0,-735000.0,-3000.0,425000.0,4875000.0,24660000.0,3000.0
EVI,2016-12-31,False,Q2,2017,10-Q,33398000.0,2276000.0,1278000.0,0.13,0.13,0.0,57942000.0,28213000.0,25869000.0,2842000.0,27829000.0,1486000.0,-13401000.0,10815000.0,4818000.0,22069000.0,7000.0
EVI,2017-03-31,False,Q3,2017,10-Q,24653000.0,1499000.0,853000.0,0.08,0.08,0.0,52263000.0,22575000.0,19181000.0,3612000.0,28878000.0,3613000.0,-13517000.0,9574000.0,4620000.0,22139000.0,123000.0
EVI,2018-03-31,False,Q3,2018,10-Q,43673000.0,1887000.0,1050000.0,0.1,0.09,0.0,102569000.0,43126000.0,25037000.0,1521000.0,56267000.0,-1490000.0,-13747000.0,16031000.0,22196000.0,37051000.0,395000.0
EVI,2018-06-30,False,FY,2018,10-K,150007000.0,6934000.0,3671000.0,0.34,0.33,0.12,95474000.0,36374000.0,29068000.0,1330000.0,57031000.0,11345000.0,-14181000.0,3439000.0,10012000.0,37061000.0,829000.0
