symbol,end_date,amend,period_focus,fiscal_year,doc_type,revenues,op_income,net_income,eps_basic,eps_diluted,dividend,assets,cur_assets,cur_liab,cash,equity,cash_flow_op,cash_flow_inv,cash_flow_fin,debt,goodwill,cap_ex
EXP,2011-09-30,True,Q2,2011,10-Q,134819000.0,16768000.0,6025000.0,0.14,0.14,0.1,990133000.0,192839000.0,77474000.0,10692000.0,461435000.0,27544000.0,7516000.0,-11210000.0,,132515000.0,7516000.0
EXP,2010-06-30,False,Q1,2011,10-Q,130794000.0,23660000.0,10527000.0,0.24,0.24,0.1,1008889000.0,166584000.0,79633000.0,2997000.0,453106000.0,15618000.0,-2640000.0,-11397000.0,,,3240000.0
EXP,2018-12-31,False,Q3,2019,10-Q,333285000.0,89928000.0,57715000.0,1.25,1.24,0.1,2355416000.0,409473000.0,181032000.0,17060000.0,1420337000.0,294100000.0,-124165000.0,-200943000.0,245000000.0,205211000.0,126446000.0
EXP,2011-03-31,False,FY,2011,10-K,462180000.0,60650000.0,14849000.0,0.34,0.34,0.4,982810000.0,174626000.0,70350000.0,1874000.0,459564000.0,44083000.0,-16624000.0,-27001000.0,,,17224000.0
EXP,2011-12-31,False,Q3,2011,10-Q,123596000.0,19783000.0,2897000.0,0.07,0.07,0.1,985149000.0,183937000.0,83869000.0,3679000.0,462191000.0,43742000.0,-22944000.0,-18993000.0,280936000.0,132515000.0,22944000.0
EXP,2011-06-30,True,Q1,2011,10-Q,119807000.0,9742000.0,807000.0,0.02,0.02,0.1,985211000.0,181004000.0,64110000.0,3478000.0,458457000.0,1141000.0,-3812000.0,4275000.0,,132515000.0,3812000.0
EXP,2010-09-30,False,Q2,2011,10-Q,132135000.0,17884000.0,9630000.0,0.22,0.22,0.1,1000535000.0,170829000.0,84126000.0,8001000.0,466318000.0,26963000.0,-4867000.0,-15511000.0,,,5467000.0
EXP,2011-06-30,False,Q1,2011,10-Q,119807000.0,12742000.0,3057000.0,0.07,0.07,0.1,985211000.0,181004000.0,64860000.0,3478000.0,458757000.0,1141000.0,-3812000.0,4275000.0,,132515000.0,3812000.0
EXP,2012-03-31,False,FY,2012,10-K,495023000.0,69361000.0,18732000.0,0.42,0.42,0.4,985145000.0,191841000.0,77043000.0,6481000.0,472511000.0,60852000.0,-26099000.0,-30146000.0,266936000.0,132515000.0,26099000.0
EXP,2012-09-30,False,Q2,2013,10-Q,164659000.0,41305000.0,17953000.0,0.4,0.4,0.1,974888000.0,193807000.0,93464000.0,8149000.0,502111000.0,66760000.0,-8628000.0,-56464000.0,216936000.0,132515000.0,8628000.0
EXP,2010-12-31,False,Q3,2011,10-Q,103870000.0,15228000.0,5496000.0,0.13,0.12,0.1,990443000.0,159783000.0,66383000.0,4053000.0,468779000.0,38112000.0,-11143000.0,-24332000.0,,,11743000.0
EXP,2011-09-30,False,Q2,2011,10-Q,134819000.0,16768000.0,6025000.0,0.14,0.14,0.1,990133000.0,192839000.0,78224000.0,10692000.0,461735000.0,27544000.0,7516000.0,-11210000.0,,132515000.0,7516000.0
EXP,2013-06-30,False,Q1,2014,10-Q,227044000.0,55065000.0,30101000.0,0.61,0.6,0.1,1515217000.0,298381000.0,102207000.0,6744000.0,725452000.0,18861000.0,-21237000.0,5223000.0,497259000.0,132515000.0,21237000.0
EXP,2012-06-30,False,Q1,2013,10-Q,154042000.0,29095000.0,13978000.0,0.31,0.31,0.1,980396000.0,194818000.0,77661000.0,3707000.0,483942000.0,19092000.0,-4685000.0,-17181000.0,253936000.0,132515000.0,4685000.0
EXP,2012-12-31,False,Q3,2013,10-Q,164743000.0,39890000.0,17980000.0,0.37,0.37,0.1,1456820000.0,243323000.0,110452000.0,9247000.0,687547000.0,106953000.0,-477252000.0,373065000.0,103000000.0,132515000.0,28832000.0
EXP,2013-03-31,False,FY,2013,10-K,642562000.0,134520000.0,57744000.0,1.24,1.22,0.4,1476233000.0,261271000.0,100229000.0,3897000.0,696170000.0,124407000.0,-506431000.0,379441000.0,489259000.0,132515000.0,53011000.0
EXP,2013-09-30,False,Q2,2014,10-Q,252646000.0,69543000.0,39903000.0,0.81,0.8,0.1,1510175000.0,300705000.0,101691000.0,10628000.0,764320000.0,79255000.0,-31583000.0,-40941000.0,455259000.0,132515000.0,31583000.0
EXP,2014-06-30,False,Q1,2015,10-Q,266251000.0,68880000.0,37710000.0,0.76,0.75,0.1,1544367000.0,331409000.0,122153000.0,6541000.0,868184000.0,40298000.0,-23181000.0,-17058000.0,368259000.0,132515000.0,23181000.0
EXP,2014-03-31,False,FY,2014,10-K,898396000.0,224638000.0,124243000.0,2.53,2.49,0.4,1511529000.0,306960000.0,108820000.0,6482000.0,831499000.0,170633000.0,-59490000.0,-108558000.0,381259000.0,132515000.0,59490000.0
EXP,2015-06-30,False,Q1,2016,10-Q,284963000.0,69362000.0,37762000.0,0.76,0.75,0.1,1908348000.0,388098000.0,166061000.0,7551000.0,1048225000.0,20615000.0,-27122000.0,6544000.0,523759000.0,132515000.0,27122000.0
EXP,2013-12-31,False,Q3,2014,10-Q,228812000.0,60104000.0,31621000.0,0.64,0.63,0.1,1487264000.0,282726000.0,103543000.0,7424000.0,805428000.0,144012000.0,-43208000.0,-97277000.0,392259000.0,132515000.0,43208000.0
EXP,2014-12-31,False,Q3,2015,10-Q,291529000.0,92060000.0,52030000.0,1.05,1.03,0.1,1858051000.0,362558000.0,172288000.0,13697000.0,973022000.0,183143000.0,-302130000.0,126202000.0,517759000.0,132515000.0,64959000.0
EXP,2015-03-31,False,FY,2015,10-K,1066368000.0,302301000.0,186853000.0,3.77,3.71,0.4,1882591000.0,366635000.0,184576000.0,7514000.0,1010593000.0,234121000.0,-348744000.0,115655000.0,512759000.0,132515000.0,111573000.0
EXP,2015-12-31,False,Q3,2016,10-Q,277409000.0,80511000.0,45848000.0,0.93,0.92,0.1,1888570000.0,365394000.0,116077000.0,15756000.0,1049316000.0,216290000.0,-107963000.0,-100085000.0,500714000.0,133885000.0,75536000.0
EXP,2017-06-30,False,Q1,2018,10-Q,366121000.0,96692000.0,54882000.0,1.14,1.13,0.1,2279590000.0,440302000.0,239727000.0,12233000.0,1255087000.0,53670000.0,-16160000.0,-31838000.0,667714000.0,198370000.0,16160000.0
EXP,2015-09-30,False,Q2,2016,10-Q,328988000.0,56546000.0,29819000.0,0.6,0.59,0.1,1920250000.0,395000000.0,182803000.0,6348000.0,1069691000.0,107589000.0,-88296000.0,-20459000.0,509759000.0,133885000.0,55869000.0
EXP,2016-12-31,False,Q3,2017,10-Q,302395000.0,99053000.0,56387000.0,1.18,1.17,0.1,1973989000.0,508685000.0,207925000.0,164665000.0,1163575000.0,288868000.0,-34043000.0,-95551000.0,467714000.0,133885000.0,34043000.0
EXP,2016-03-31,False,FY,2016,10-K,1143492000.0,273028000.0,152592000.0,3.08,3.05,0.4,1883635000.0,380003000.0,120589000.0,5391000.0,1040531000.0,265767000.0,-121990000.0,-145900000.0,507714000.0,133885000.0,89563000.0
EXP,2016-09-30,False,Q2,2017,10-Q,332658000.0,103861000.0,60237000.0,1.26,1.25,0.1,1908135000.0,435136000.0,124274000.0,54506000.0,1098730000.0,160152000.0,-18231000.0,-92806000.0,475714000.0,133885000.0,18231000.0
EXP,2018-03-31,False,FY,2018,10-K,1386520000.0,382175000.0,256632000.0,5.33,5.28,0.4,2368003000.0,458735000.0,179329000.0,9315000.0,1417690000.0,337665000.0,-168718000.0,-127440000.0,626500000.0,205211000.0,131957000.0
EXP,2017-12-31,False,Q3,2018,10-Q,359371000.0,105938000.0,101380000.0,2.1,2.08,0.1,2308043000.0,425344000.0,174635000.0,21676000.0,1416189000.0,275140000.0,-120459000.0,-139566000.0,571500000.0,205211000.0,83698000.0
EXP,2017-09-30,False,Q2,2018,10-Q,376315000.0,108709000.0,63362000.0,1.32,1.31,0.1,2321041000.0,446810000.0,221407000.0,31056000.0,1312673000.0,152748000.0,-81612000.0,-46641000.0,662714000.0,205211000.0,50091000.0
EXP,2018-09-30,False,Q2,2019,10-Q,381499000.0,108104000.0,72603000.0,1.54,1.53,0.1,2379512000.0,437096000.0,154702000.0,10002000.0,1432603000.0,174876000.0,-91163000.0,-121779000.0,631257000.0,205211000.0,93444000.0
EXP,2016-06-30,False,Q1,2017,10-Q,297504000.0,81010000.0,45344000.0,0.94,0.93,0.1,1889085000.0,400497000.0,119750000.0,9180000.0,1056443000.0,54083000.0,-8978000.0,-41316000.0,498714000.0,133885000.0,8978000.0
EXP,2014-09-30,False,Q2,2015,10-Q,284808000.0,87995000.0,50319000.0,1.01,1.0,0.1,1554387000.0,340906000.0,132908000.0,11063000.0,922391000.0,117651000.0,-40039000.0,-73031000.0,120000000.0,132515000.0,40039000.0
EXP,2017-03-31,False,FY,2017,10-K,1211220000.0,356570000.0,198219000.0,4.14,4.1,0.4,2247124000.0,400624000.0,229519000.0,6561000.0,1203450000.0,331598000.0,-457426000.0,126998000.0,692714000.0,198370000.0,56938000.0
EXP,2018-06-30,False,Q1,2019,10-Q,393756000.0,100885000.0,66339000.0,1.39,1.38,0.1,2426975000.0,493789000.0,189092000.0,14334000.0,1431479000.0,81909000.0,-50792000.0,-26098000.0,651090000.0,205211000.0,53073000.0
