symbol,end_date,amend,period_focus,fiscal_year,doc_type,revenues,op_income,net_income,eps_basic,eps_diluted,dividend,assets,cur_assets,cur_liab,cash,equity,cash_flow_op,cash_flow_inv,cash_flow_fin,debt,goodwill,cap_ex
EXPR,2018-11-03,False,Q3,2018,10-Q,514961000.0,10202000.0,7967000.0,0.11,0.11,0.0,1194266000.0,598491000.0,352980000.0,161189000.0,611037000.0,18315000.0,-32402000.0,-60946000.0,0.0,,32402000.0
EXPR,2013-11-02,False,Q3,2013,10-Q,502992000.0,36730000.0,19267000.0,0.23,0.23,0.0,1168726000.0,592938000.0,351118000.0,181553000.0,422183000.0,37640000.0,-78841000.0,-33323000.0,199086000.0,,69000.0
EXPR,2012-04-28,False,Q1,2012,10-Q,495952000.0,74557000.0,42073000.0,0.47,0.47,0.0,879075000.0,426673000.0,259003000.0,180439000.0,326540000.0,45622000.0,-17117000.0,-466000.0,198611000.0,,185000.0
EXPR,2012-07-28,False,Q2,2012,10-Q,454879000.0,31196000.0,15829000.0,0.18,0.18,0.0,875375000.0,401356000.0,271431000.0,130174000.0,297299000.0,74282000.0,-45846000.0,-50624000.0,198685000.0,,185000.0
EXPR,2013-05-04,False,Q1,2013,10-Q,508524000.0,58694000.0,32437000.0,0.38,0.38,0.0,1036863000.0,516528000.0,275836000.0,244214000.0,407607000.0,5361000.0,-16853000.0,-717000.0,198923000.0,,0.0
EXPR,2012-10-27,False,Q3,2012,10-Q,468527000.0,34402000.0,17422000.0,0.2,0.2,0.0,951354000.0,451913000.0,313719000.0,102438000.0,303095000.0,89142000.0,-73564000.0,-65543000.0,198760000.0,,210000.0
EXPR,2014-02-01,False,FY,2013,10-K,2219125000.0,214259000.0,116539000.0,1.38,1.37,0.0,1182670000.0,583461000.0,299207000.0,55587000.0,474569000.0,195075000.0,-105462000.0,-33331000.0,199170000.0,,94000.0
EXPR,2013-02-02,False,FY,2012,10-K,2148069000.0,251563000.0,139267000.0,1.6,1.6,0.0,1019199000.0,515862000.0,312776000.0,256297000.0,371162000.0,269364000.0,-99884000.0,-65551000.0,198843000.0,,210000.0
EXPR,2014-05-03,False,Q1,2014,10-Q,460652000.0,14991000.0,5083000.0,0.06,0.06,0.0,1172144000.0,554258000.0,264710000.0,124000.0,483095000.0,-31187000.0,-26937000.0,-3676000.0,199257000.0,,26937000.0
EXPR,2014-11-01,False,Q3,2014,10-Q,497608000.0,30524000.0,14585000.0,0.17,0.17,0.0,1278070000.0,640049000.0,332893000.0,217814000.0,511779000.0,-1993000.0,-87581000.0,-4539000.0,199435000.0,,1010000.0
EXPR,2013-08-03,False,Q2,2013,10-Q,486158000.0,33415000.0,16909000.0,0.2,0.2,0.0,1093791000.0,547895000.0,301599000.0,234250000.0,418261000.0,36533000.0,-45607000.0,-12893000.0,199003000.0,,69000.0
EXPR,2015-05-02,False,Q1,2015,10-Q,502378000.0,33948000.0,13062000.0,0.15,0.15,0.0,1082748000.0,456513000.0,277515000.0,127698000.0,571067000.0,5368000.0,-23148000.0,-201217000.0,0.0,,23148000.0
EXPR,2014-08-02,False,Q2,2014,10-Q,481420000.0,14608000.0,6867000.0,0.08,0.08,0.0,1198922000.0,567183000.0,277331000.0,218915000.0,493903000.0,4805000.0,-59476000.0,-4063000.0,199345000.0,,10000.0
EXPR,2012-01-28,False,FY,2011,10-K,2073355000.0,270946000.0,140697000.0,1.59,1.58,0.0,862199000.0,412036000.0,291210000.0,152362000.0,281147000.0,212609000.0,-77236000.0,-170775000.0,198539000.0,,60000.0
EXPR,2015-01-31,False,FY,2014,10-K,2165481000.0,136597000.0,68325000.0,0.81,0.81,0.0,1278150000.0,654236000.0,287459000.0,34275000.0,556339000.0,156570000.0,-116098000.0,-4938000.0,199527000.0,,1010000.0
EXPR,2016-01-30,False,FY,2015,10-K,2350129000.0,207238000.0,116513000.0,1.39,1.38,0.0,1178644000.0,513419000.0,307403000.0,186903000.0,617953000.0,229603000.0,-115378000.0,-271997000.0,0.0,,35000.0
EXPR,2015-10-31,False,Q3,2015,10-Q,546616000.0,44533000.0,26307000.0,0.31,0.31,0.0,1196945000.0,541135000.0,339101000.0,91215000.0,606123000.0,55633000.0,-85048000.0,-225033000.0,0.0,,35000.0
EXPR,2011-07-30,False,Q2,2011,10-Q,446041000.0,31748000.0,12620000.0,0.14,0.14,0.0,856733000.0,417331000.0,278709000.0,144552000.0,182637000.0,41252000.0,-33613000.0,-50847000.0,,,60000.0
EXPR,2011-10-29,False,Q3,2011,10-Q,486784000.0,60873000.0,32670000.0,0.37,0.37,0.0,930149000.0,488754000.0,308633000.0,144982000.0,218079000.0,64343000.0,-55975000.0,-51148000.0,,,60000.0
EXPR,2015-08-01,False,Q2,2015,10-Q,535582000.0,35865000.0,21028000.0,0.25,0.25,0.0,1147276000.0,507218000.0,311825000.0,155645000.0,597731000.0,63483000.0,-50939000.0,-202730000.0,0.0,,35000.0
EXPR,2018-05-05,False,Q1,2018,10-Q,479352000.0,2775000.0,517000.0,0.01,0.01,0.0,1140989000.0,529384000.0,269899000.0,184521000.0,634400000.0,-24779000.0,-7920000.0,-19002000.0,0.0,,7920000.0
EXPR,2017-04-29,False,Q1,2017,10-Q,467029000.0,-9746000.0,-4531000.0,-0.06,-0.06,0.0,1206769000.0,547600000.0,335274000.0,190992000.0,633272000.0,951000.0,-14623000.0,-2251000.0,0.0,,14623000.0
EXPR,2016-04-30,False,Q1,2016,10-Q,502909000.0,31821000.0,12882000.0,0.16,0.16,0.0,1127700000.0,459459000.0,343052000.0,111033000.0,593571000.0,-15661000.0,-18247000.0,-43553000.0,0.0,,18247000.0
EXPR,2016-10-29,False,Q3,2016,10-Q,506090000.0,15101000.0,11617000.0,0.15,0.15,0.0,1211745000.0,513285000.0,415093000.0,101855000.0,610694000.0,59864000.0,-91054000.0,-54487000.0,0.0,,21000.0
EXPR,2016-07-30,False,Q2,2016,10-Q,504767000.0,17887000.0,10144000.0,0.13,0.13,0.0,1142546000.0,449788000.0,351619000.0,119564000.0,596304000.0,46149000.0,-60509000.0,-54023000.0,0.0,,21000.0
EXPR,2017-10-28,False,Q3,2017,10-Q,498651000.0,11163000.0,6270000.0,0.08,0.08,0.0,1256977000.0,617210000.0,368693000.0,198294000.0,638964000.0,47674000.0,-51439000.0,-4876000.0,0.0,,0.0
EXPR,2017-07-29,False,Q2,2017,10-Q,478536000.0,-15882000.0,-11802000.0,-0.15,-0.15,0.0,1161321000.0,511166000.0,302059000.0,173314000.0,629056000.0,10201000.0,-39386000.0,-4437000.0,0.0,,0.0
EXPR,2017-01-28,False,FY,2016,10-K,2192547000.0,103601000.0,57417000.0,0.73,0.73,0.0,1185189000.0,514133000.0,282397000.0,207373000.0,635687000.0,186708000.0,-108866000.0,-58271000.0,0.0,,21000.0
EXPR,2018-08-04,False,Q2,2018,10-Q,493605000.0,2677000.0,2234000.0,0.03,0.03,0.0,1126257000.0,527300000.0,269041000.0,190845000.0,623690000.0,7873000.0,-17389000.0,-35861000.0,0.0,,17389000.0
EXPR,2018-02-03,False,FY,2017,10-K,2138030000.0,29740000.0,19366000.0,0.25,0.25,0.0,1187607000.0,565136000.0,290864000.0,236222000.0,654000000.0,118567000.0,-66667000.0,-22613000.0,0.0,,0.0
