symbol,end_date,amend,period_focus,fiscal_year,doc_type,revenues,op_income,net_income,eps_basic,eps_diluted,dividend,assets,cur_assets,cur_liab,cash,equity,cash_flow_op,cash_flow_inv,cash_flow_fin,debt,goodwill,cap_ex
FBP,2018-12-31,False,FY,2018,10-K,293041000.0,,89289000.0,3.02,3.01,0.4,5864116000.0,,,462898000.0,764230000.0,46410000.0,-313279000.0,240277000.0,409550000.0,234368000.0,10723000.0
FBNC,2011-06-30,False,Q2,2011,10-Q,45643000.0,,2685000.0,0.16,0.16,0.08,3333749000.0,,,238247000.0,352298000.0,19338000.0,156375000.0,-149468000.0,,65835000.0,3323000.0
FBP,2012-09-30,False,Q3,2012,10-Q,41492000.0,,3735000.0,0.22,0.22,0.08,3322677000.0,,,283203000.0,342790000.0,34733000.0,7905000.0,24398000.0,,65835000.0,7496000.0
FBP,2012-03-31,False,Q1,2012,10-Q,42281000.0,,-5942000.0,-0.35,-0.35,0.08,3337006000.0,,,293341000.0,338431000.0,-1033000.0,21197000.0,57010000.0,,65835000.0,3501000.0
FBP,2012-06-30,False,Q2,2012,10-Q,39224000.0,,2461000.0,0.15,0.15,0.08,3328755000.0,,,262185000.0,340074000.0,26600000.0,-20364000.0,39782000.0,,65835000.0,5945000.0
FBP,2011-12-31,False,FY,2011,10-K,181984000.0,,7476000.0,0.44,0.44,0.32,3290474000.0,,,216167000.0,345150000.0,37046000.0,171261000.0,-204142000.0,,65835000.0,6606000.0
FBNC,2011-09-30,False,Q3,2011,10-Q,42714000.0,,-732000.0,-0.04,-0.04,0.08,3302698000.0,,,243484000.0,351813000.0,27510000.0,186057000.0,-182085000.0,,65835000.0,5407000.0
FBP,2013-06-30,False,Q2,2013,10-Q,42991000.0,,5371000.0,0.27,0.27,0.08,3247410000.0,,,237600000.0,360105000.0,37652000.0,22689000.0,-64248000.0,,65835000.0,4092000.0
FBP,2013-09-30,False,Q3,2013,10-Q,41936000.0,,6117000.0,0.31,0.3,0.08,3172440000.0,,,185119000.0,362742000.0,40527000.0,46609000.0,-143524000.0,,65835000.0,5288000.0
FBP,2012-12-31,False,FY,2012,10-K,153909000.0,,-26215000.0,-1.54,-1.54,0.32,3244910000.0,,,241507000.0,356117000.0,41681000.0,5722000.0,-22063000.0,46394000.0,65835000.0,8953000.0
FBP,2015-03-31,False,Q1,2015,10-Q,35987000.0,,6771000.0,0.34,0.33,0.08,3219588000.0,,,244487000.0,393244000.0,3101000.0,-7612000.0,-4086000.0,,65835000.0,1600000.0
FBP,2014-06-30,False,Q2,2014,10-Q,40925000.0,,6429000.0,0.33,0.32,0.08,3266499000.0,,,407282000.0,381093000.0,8483000.0,105542000.0,69983000.0,,65835000.0,2842000.0
FBP,2015-06-30,False,Q2,2015,10-Q,36264000.0,,6032000.0,0.3,0.3,0.08,3211519000.0,,,178392000.0,365389000.0,17454000.0,-73736000.0,-18410000.0,,65835000.0,2956000.0
FBP,2015-09-30,False,Q3,2015,10-Q,35636000.0,,6868000.0,0.35,0.34,0.08,3272841000.0,,,218789000.0,371174000.0,31589000.0,-100385000.0,34501000.0,,65835000.0,3828000.0
FBP,2016-09-30,False,Q3,2016,10-Q,37412000.0,,4620000.0,0.23,0.23,0.08,3537480000.0,,,281333000.0,364948000.0,31666000.0,-185517000.0,167916000.0,,75392000.0,6876000.0
FBP,2013-12-31,False,FY,2013,10-K,171000000.0,,19804000.0,1.01,0.98,0.32,3185070000.0,,,223274000.0,371922000.0,71880000.0,45040000.0,-135153000.0,,65835000.0,6293000.0
FBP,2014-03-31,False,Q1,2014,10-Q,37974000.0,,5459000.0,0.28,0.27,0.08,3314823000.0,,,384089000.0,376087000.0,14192000.0,22706000.0,123917000.0,,65835000.0,783000.0
FBP,2016-03-31,False,Q1,2016,10-Q,37065000.0,,6779000.0,0.34,0.33,0.08,3382966000.0,,,201594000.0,349832000.0,19853000.0,-99554000.0,14027000.0,,67528000.0,925000.0
FBP,2015-12-31,False,FY,2015,10-K,145419000.0,,26431000.0,1.34,1.3,0.32,3362065000.0,,,267268000.0,342190000.0,37350000.0,-137998000.0,114832000.0,140000000.0,65835000.0,5481000.0
FBP,2016-06-30,False,Q2,2016,10-Q,39298000.0,,7580000.0,0.38,0.37,0.08,3466546000.0,,,248503000.0,361614000.0,30915000.0,-127513000.0,77833000.0,,73541000.0,3695000.0
FBP,2014-12-31,False,FY,2014,10-K,154200000.0,,24128000.0,1.22,1.19,0.32,3218383000.0,,,253084000.0,387699000.0,47820000.0,-25803000.0,7793000.0,70000000.0,65835000.0,4751000.0
FBP,2014-09-30,False,Q3,2014,10-Q,37982000.0,,5362000.0,0.27,0.27,0.08,3195611000.0,,,336514000.0,384815000.0,36928000.0,83689000.0,-7377000.0,,65835000.0,3278000.0
FBP,2013-03-31,False,Q1,2013,10-Q,42197000.0,,2855000.0,0.15,0.14,0.08,3280945000.0,,,316344000.0,357232000.0,17024000.0,81036000.0,-23223000.0,,65835000.0,3152000.0
FBP,2017-09-30,False,Q3,2017,10-Q,57373000.0,,13086000.0,0.53,0.53,0.08,4591147000.0,,,408847000.0,512501000.0,-9859000.0,-107689000.0,220402000.0,,144667000.0,3040000.0
FBP,2018-03-31,False,Q1,2018,10-Q,71002000.0,,20673000.0,0.7,0.7,0.1,5641527000.0,,,526732000.0,705650000.0,5415000.0,-54249000.0,86076000.0,,231681000.0,1224000.0
FBP,2017-03-31,False,Q1,2017,10-Q,46277000.0,,7555000.0,0.34,0.34,0.08,4441846000.0,,,405160000.0,489461000.0,662000.0,3610000.0,94895000.0,,142872000.0,873000.0
FBP,2017-06-30,False,Q2,2017,10-Q,54702000.0,,11154000.0,0.45,0.45,0.08,4528620000.0,,,417560000.0,500651000.0,3576000.0,-65383000.0,173374000.0,,139124000.0,2135000.0
FBP,2017-12-31,False,FY,2017,10-K,226290000.0,,45972000.0,1.82,1.82,0.32,5547037000.0,,,489490000.0,692979000.0,26838000.0,-128532000.0,285191000.0,410665000.0,233070000.0,4659000.0
FBP,2018-06-30,False,Q2,2018,10-Q,72846000.0,,22730000.0,0.77,0.77,0.1,5717600000.0,,,560135000.0,724722000.0,-4998000.0,-65667000.0,141310000.0,,232458000.0,1959000.0
FBP,2018-09-30,False,Q3,2018,10-Q,73595000.0,,21991000.0,0.74,0.74,0.1,5711630000.0,,,510729000.0,743076000.0,23687000.0,-114833000.0,112385000.0,,232458000.0,6656000.0
FBP,2016-12-31,False,FY,2016,10-K,156538000.0,,27334000.0,1.37,1.33,0.32,3614862000.0,,,305993000.0,368101000.0,47467000.0,-246308000.0,237566000.0,225000000.0,75042000.0,8689000.0
