symbol,end_date,amend,period_focus,fiscal_year,doc_type,revenues,op_income,net_income,eps_basic,eps_diluted,dividend,assets,cur_assets,cur_liab,cash,equity,cash_flow_op,cash_flow_inv,cash_flow_fin,debt,goodwill,cap_ex
FCFS,2015-03-31,False,Q1,2015,10-Q,176023000.0,,16788000.0,0.59,0.59,0.0,705288000.0,300230000.0,41754000.0,75803000.0,449034000.0,27430000.0,2376000.0,-20356000.0,14500000.0,276545000.0,4386000.0
FCFS,2016-12-31,False,FY,2016,10-K,1088377000.0,,60127000.0,1.72,1.72,0.565,2145203000.0,892135000.0,143628000.0,89955000.0,1449986000.0,96854000.0,-25967000.0,-58713000.0,460000000.0,831151000.0,33863000.0
FCFS,2015-09-30,False,Q3,2015,10-Q,169532000.0,,11173000.0,0.4,0.4,0.0,755202000.0,330758000.0,46972000.0,72523000.0,439730000.0,65122000.0,-70842000.0,18644000.0,68500000.0,291777000.0,15528000.0
FCFS,2017-03-31,False,Q1,2017,10-Q,447576000.0,,32645000.0,0.67,0.67,0.19,2043554000.0,788798000.0,117750000.0,73148000.0,1487235000.0,63865000.0,58259000.0,-142177000.0,137000000.0,835567000.0,8076000.0
FCFS,2017-06-30,False,Q2,2017,10-Q,416629000.0,,15239000.0,0.32,0.32,0.19,2104319000.0,856729000.0,125092000.0,91434000.0,1491432000.0,102813000.0,15447000.0,-122908000.0,97000000.0,838111000.0,17401000.0
FCFS,2016-09-30,False,Q3,2016,10-Q,261153000.0,,-1412000.0,-0.04,-0.04,0.125,2277695000.0,986057000.0,168498000.0,83356000.0,1433054000.0,40474000.0,-88957000.0,50537000.0,360000000.0,865350000.0,23426000.0
FCFS,2016-03-31,False,Q1,2016,10-Q,183203000.0,,13174000.0,0.47,0.47,0.125,753885000.0,296450000.0,55929000.0,54150000.0,439287000.0,25076000.0,-27095000.0,-28062000.0,40000000.0,315439000.0,6343000.0
FCFS,2017-09-30,False,Q3,2017,10-Q,435412000.0,,28274000.0,0.59,0.59,0.19,2131726000.0,894795000.0,136158000.0,93411000.0,1467679000.0,148846000.0,-22475000.0,-128365000.0,140000000.0,834883000.0,26595000.0
FCFS,2015-12-31,False,FY,2015,10-K,704602000.0,,60710000.0,2.16,2.14,0.0,757021000.0,325434000.0,46175000.0,86954000.0,431382000.0,92749000.0,-71676000.0,9127000.0,258000000.0,295609000.0,21073000.0
FCFS,2017-12-31,False,FY,2017,10-K,1779822000.0,,143892000.0,3.01,,0.77,2062784000.0,842197000.0,120571000.0,114423000.0,1475333000.0,220357000.0,1397000.0,-197506000.0,407000000.0,831145000.0,37135000.0
FCFS,2018-09-30,False,Q3,2018,10-Q,429878000.0,,33325000.0,0.76,0.76,0.22,2116480000.0,808602000.0,139376000.0,57025000.0,1311728000.0,174219000.0,-142196000.0,-90042000.0,600722000.0,906322000.0,40754000.0
FCFS,2018-06-30,False,Q2,2018,10-Q,419972000.0,,30171000.0,0.67,0.67,0.22,2009640000.0,761686000.0,117468000.0,83127000.0,1310044000.0,119967000.0,-28446000.0,-122554000.0,517060000.0,857070000.0,23188000.0
FCFS,2015-06-30,False,Q2,2015,10-Q,167623000.0,,13339000.0,0.47,0.47,0.0,749574000.0,320022000.0,40829000.0,77430000.0,452745000.0,41909000.0,-44171000.0,15144000.0,56000000.0,300378000.0,8600000.0
FCFS,2016-06-30,False,Q2,2016,10-Q,181979000.0,,11673000.0,0.41,0.41,0.125,756604000.0,299893000.0,52615000.0,46274000.0,433486000.0,39573000.0,-54192000.0,-21116000.0,50500000.0,312488000.0,17073000.0
FCFS,2018-03-31,False,Q1,2018,10-Q,449800000.0,,41635000.0,0.9,0.9,0.22,2003696000.0,766399000.0,136286000.0,110408000.0,1424286000.0,91316000.0,34019000.0,-134264000.0,83000000.0,844516000.0,8837000.0
FCFS,2018-12-31,False,FY,2018,10-K,1780858000.0,,153206000.0,3.42,3.41,0.91,2107974000.0,789892000.0,133045000.0,71793000.0,1318104000.0,243429000.0,-159247000.0,-127061000.0,595000000.0,917419000.0,35677000.0
FCFS,2011-06-30,False,Q2,2011,10-Q,120581000.0,,15338000.0,0.49,0.48,0.0,371217000.0,225749000.0,37480000.0,68259000.0,322695000.0,35419000.0,-17092000.0,-18080000.0,,72523000.0,15005000.0
FCFS,2011-09-30,False,Q3,2011,10-Q,133349000.0,,18433000.0,0.6,0.59,0.0,341273000.0,200445000.0,38907000.0,48410000.0,295887000.0,54618000.0,-22348000.0,-51105000.0,,69404000.0,21135000.0
FIL,2012-09-30,False,Q3,2012,10-Q,149695000.0,,18889000.0,0.66,0.64,0.0,488220000.0,229506000.0,38891000.0,25744000.0,316886000.0,54476000.0,-149972000.0,49656000.0,,162675000.0,16240000.0
FCFS,2012-03-31,False,Q1,2012,10-Q,135116000.0,,17512000.0,0.59,0.58,0.0,375825000.0,176159000.0,41703000.0,30449000.0,302190000.0,29101000.0,-49924000.0,-20836000.0,,112544000.0,4226000.0
FCFS,2011-12-31,False,FY,2011,10-K,521302000.0,,77782000.0,2.53,2.47,0.0,357096000.0,210478000.0,35405000.0,70296000.0,315372000.0,80375000.0,-22104000.0,-52593000.0,,70395000.0,28974000.0
FIL,2013-06-30,False,Q2,2013,10-Q,143135000.0,,15663000.0,0.54,0.53,0.0,575443000.0,248652000.0,35533000.0,32706000.0,365802000.0,45047000.0,-89237000.0,25857000.0,,220461000.0,10374000.0
FIL,2013-03-31,False,Q1,2013,10-Q,160839000.0,,20264000.0,0.69,0.68,0.0,505732000.0,233366000.0,34067000.0,38339000.0,394979000.0,25194000.0,-3036000.0,-35652000.0,,168842000.0,4704000.0
FIL,2013-09-30,False,Q3,2013,10-Q,174187000.0,,23141000.0,0.8,0.79,0.0,602654000.0,261471000.0,48461000.0,30539000.0,387512000.0,74019000.0,-118938000.0,24584000.0,,230520000.0,17945000.0
FCFS,2012-06-30,False,Q2,2012,10-Q,132778000.0,,16349000.0,0.57,0.56,0.0,405232000.0,189104000.0,32171000.0,29793000.0,290458000.0,39737000.0,-90932000.0,9846000.0,,127603000.0,9751000.0
FIL,2012-12-31,False,FY,2012,10-K,595946000.0,,80359000.0,2.78,2.7,0.0,507692000.0,241430000.0,31150000.0,50285000.0,352416000.0,88792000.0,-159904000.0,49525000.0,114063000.0,166429000.0,21841000.0
FCFS,2014-12-31,False,FY,2014,10-K,712877000.0,,85166000.0,2.97,2.93,0.0,714675000.0,307875000.0,42559000.0,67992000.0,448551000.0,97679000.0,-85366000.0,-9098000.0,222400000.0,276882000.0,23954000.0
FIL,2013-12-31,False,FY,2013,10-K,660848000.0,,83846000.0,2.89,2.84,0.0,658973000.0,290222000.0,48761000.0,70643000.0,414359000.0,106718000.0,-140726000.0,54644000.0,190352000.0,251241000.0,26672000.0
FIL,2014-06-30,False,Q2,2014,10-Q,165326000.0,,16015000.0,0.55,0.55,0.0,694727000.0,311762000.0,42400000.0,84055000.0,442357000.0,48940000.0,-26406000.0,-9075000.0,,254918000.0,12059000.0
FIL,2014-03-31,False,Q1,2014,10-Q,169777000.0,,22682000.0,0.78,0.77,0.0,687189000.0,306539000.0,40561000.0,94929000.0,437336000.0,25594000.0,-4790000.0,3739000.0,6134000.0,254790000.0,5674000.0
FCFS,2014-09-30,False,Q3,2014,10-Q,175000000.0,,19528000.0,0.69,0.68,0.0,704667000.0,308213000.0,50178000.0,42760000.0,429454000.0,69328000.0,-76998000.0,-19325000.0,,264875000.0,17801000.0
