symbol,end_date,amend,period_focus,fiscal_year,doc_type,revenues,op_income,net_income,eps_basic,eps_diluted,dividend,assets,cur_assets,cur_liab,cash,equity,cash_flow_op,cash_flow_inv,cash_flow_fin,debt,goodwill,cap_ex
FCNCA,2011-09-30,False,Q3,2011,10-Q,415923000.0,,81935000.0,,,0.0,21015344000.0,,,539337000.0,1871930000.0,581272000.0,2282719000.0,-2784832000.0,744839000.0,102625000.0,53510000.0
FCNCA,2018-12-31,False,FY,2018,10-K,1645906000.0,,400313000.0,33.53,33.53,1.45,35408629000.0,,,327440000.0,3488954000.0,234512000.0,-76450000.0,-196285000.0,319867000.0,236347000.0,140444000.0
FCNCA,2010-09-30,False,Q3,2010,10-Q,328597000.0,,27746000.0,,,0.0,21049291000.0,,,493786000.0,1718204000.0,220616000.0,-483011000.0,275939000.0,819145000.0,102625000.0,54961000.0
FCNCA,2010-06-30,False,Q2,2010,10-Q,310057000.0,,28602000.0,,,0.0,21105769000.0,,,625857000.0,1693309000.0,254130000.0,-420575000.0,312060000.0,918930000.0,102625000.0,39916000.0
FCNCA,2010-12-31,False,FY,2010,10-K,1375582000.0,,193044000.0,,,0.0,20806659000.0,,,460178000.0,1732962000.0,146735000.0,-129604000.0,-37195000.0,809949000.0,102625000.0,70836000.0
FCNCA,2011-06-30,False,Q2,2011,10-Q,312253000.0,,21300000.0,,,0.0,21021650000.0,,,537717000.0,1810189000.0,462193000.0,1658891000.0,-2043545000.0,792661000.0,102625000.0,32574000.0
FCNCA,2013-03-31,False,Q1,2013,10-Q,278117000.0,,55585000.0,,,0.3,21351012000.0,,,460217000.0,1918581000.0,73296000.0,-232421000.0,-20388000.0,444252000.0,102625000.0,8713000.0
FCNCA,2012-12-31,False,FY,2012,10-K,1194136000.0,,134348000.0,,,1.2,21283652000.0,,,639730000.0,1864007000.0,189205000.0,52837000.0,-250676000.0,444921000.0,102625000.0,88883000.0
FCNCA,2012-09-30,False,Q3,2012,10-Q,288516000.0,,39524000.0,,,0.0,21173620000.0,,,606107000.0,1974124000.0,219661000.0,-344874000.0,140519000.0,472170000.0,102625000.0,73616000.0
FCNCA,2012-06-30,False,Q2,2012,10-Q,297815000.0,,37583000.0,,,0.0,21240990000.0,,,571004000.0,1929790000.0,362802000.0,-637468000.0,254869000.0,644682000.0,102625000.0,49253000.0
FCNCA,2011-03-31,False,Q1,2011,10-Q,376290000.0,,62679000.0,,,0.0,21167495000.0,,,406252000.0,1789133000.0,337430000.0,1473690000.0,-1865046000.0,801081000.0,102625000.0,12832000.0
FCNCA,2012-03-31,False,Q1,2012,10-Q,293695000.0,,35495000.0,,,0.3,21143628000.0,,,552663000.0,1892123000.0,208145000.0,-448833000.0,202550000.0,649818000.0,102625000.0,26610000.0
FCNCA,2011-09-30,False,Q3,2011,10-Q,415923000.0,,81935000.0,,,0.0,21015344000.0,,,539337000.0,1871930000.0,581272000.0,2282719000.0,-2784832000.0,744839000.0,102625000.0,53510000.0
FCNCA,2013-06-30,False,Q2,2013,10-Q,258921000.0,,43906000.0,4.56,4.56,0.0,21308822000.0,,,542645000.0,1939330000.0,147306000.0,-182107000.0,-62284000.0,463244000.0,102625000.0,26696000.0
FCNCA,2011-12-31,False,FY,2011,10-K,1479525000.0,,195028000.0,,,0.0,20881493000.0,,,590801000.0,1861128000.0,40183000.0,1227000.0,-44655000.0,687599000.0,102625000.0,76901000.0
FCNCA,2013-09-30,False,Q3,2013,10-Q,264552000.0,,40982000.0,4.26,4.26,0.0,21511352000.0,,,569118000.0,1982057000.0,266347000.0,-407241000.0,70282000.0,530080000.0,102625000.0,38887000.0
FCNCA,2014-03-31,False,Q1,2014,10-Q,234575000.0,,22366000.0,2.33,2.33,0.3,22154997000.0,,,543471000.0,2104830000.0,63082000.0,-343434000.0,290224000.0,453313000.0,127140000.0,17326000.0
FCNCA,2015-06-30,False,Q2,2015,10-Q,353463000.0,,44522000.0,3.71,3.71,0.0,30896855000.0,,,514404000.0,2793890000.0,77049000.0,-572645000.0,405818000.0,493715000.0,139773000.0,31921000.0
FCNCA,2015-03-31,False,Q1,2015,10-Q,376888000.0,,63816000.0,5.31,5.31,0.0,30853649000.0,,,495901000.0,2765377000.0,62732000.0,-589336000.0,418323000.0,486960000.0,139773000.0,13177000.0
FCNCA,2013-12-31,False,FY,2013,10-K,1060407000.0,,167699000.0,17.43,17.43,1.2,21199091000.0,,,533599000.0,2076675000.0,63902000.0,-56862000.0,3876000.0,510769000.0,102625000.0,66037000.0
FCNCA,2014-06-30,False,Q2,2014,10-Q,242693000.0,,26550000.0,2.76,2.76,0.0,22062840000.0,,,566952000.0,2149145000.0,91561000.0,-183734000.0,125526000.0,324874000.0,127140000.0,39550000.0
FCNCA,2014-09-30,False,Q3,2014,10-Q,255011000.0,,26363000.0,2.74,2.74,0.0,21942491000.0,,,400993000.0,2166707000.0,67541000.0,-181838000.0,-18309000.0,326743000.0,127140000.0,65763000.0
FCNCA,2014-12-31,False,FY,2014,10-K,1100874000.0,,138562000.0,13.56,13.56,1.2,30075113000.0,,,604182000.0,2687594000.0,169280000.0,-92556000.0,-65745000.0,351320000.0,139773000.0,82708000.0
FCNCA,2015-12-31,False,FY,2015,10-K,1436297000.0,,210386000.0,17.52,17.52,1.2,31475934000.0,,,534086000.0,2872109000.0,87037000.0,388762000.0,-473540000.0,704155000.0,139773000.0,89734000.0
FCNCA,2016-03-31,False,Q1,2016,10-Q,348394000.0,,52072000.0,4.34,4.34,0.3,32195657000.0,,,457758000.0,2961194000.0,75157000.0,-694542000.0,543057000.0,808765000.0,139773000.0,13595000.0
FCNCA,2016-09-30,False,Q3,2016,10-Q,364335000.0,,51404000.0,4.28,4.28,0.0,32971910000.0,,,495705000.0,3083748000.0,223251000.0,-1036807000.0,775175000.0,870386000.0,150601000.0,60982000.0
FCNCA,2016-06-30,False,Q2,2016,10-Q,383619000.0,,69316000.0,5.77,5.77,0.0,32230403000.0,,,507569000.0,3035704000.0,94484000.0,-563242000.0,442241000.0,888551000.0,139773000.0,29617000.0
FCNCA,2015-09-30,False,Q3,2015,10-Q,359575000.0,,55958000.0,4.66,4.66,0.0,31449824000.0,,,546444000.0,2862528000.0,197546000.0,-1131360000.0,876076000.0,722180000.0,139773000.0,55575000.0
FCNCA,2017-09-30,False,Q3,2017,10-Q,409720000.0,,67064000.0,5.58,5.58,0.0,34584154000.0,,,296386000.0,3313831000.0,304104000.0,-717771000.0,170312000.0,866123000.0,150601000.0,60090000.0
FCNCA,2017-03-31,False,Q1,2017,10-Q,388149000.0,,67621000.0,5.63,5.63,0.3,34018405000.0,,,502273000.0,3100696000.0,137599000.0,-981395000.0,806328000.0,727500000.0,150601000.0,15459000.0
FCNCA,2016-12-31,False,FY,2016,10-K,1475828000.0,,225482000.0,18.77,18.77,1.2,32990836000.0,,,539741000.0,3012427000.0,50608000.0,-79428000.0,12229000.0,832942000.0,150601000.0,81841000.0
FCNCA,2018-09-30,False,Q3,2018,10-Q,410237000.0,,117318000.0,9.8,9.8,0.0,34954659000.0,,,262525000.0,3499013000.0,635607000.0,-196290000.0,-512942000.0,303935000.0,208217000.0,88270000.0
FCNCA,2018-03-31,False,Q1,2018,10-Q,415285000.0,,100231000.0,8.35,8.35,0.35,34436437000.0,,,248139000.0,3372114000.0,458388000.0,-454665000.0,-91734000.0,203061000.0,150601000.0,24081000.0
FCNCA,2018-06-30,False,Q2,2018,10-Q,404804000.0,,93291000.0,7.77,7.77,0.0,35088566000.0,,,260525000.0,3446886000.0,519969000.0,-254974000.0,-340620000.0,250823000.0,208217000.0,59603000.0
FCNCA,2017-06-30,False,Q2,2017,10-Q,520742000.0,,134660000.0,11.21,11.21,0.0,34769850000.0,,,556772000.0,3239851000.0,190901000.0,-585642000.0,411772000.0,879957000.0,150601000.0,35912000.0
FCNCA,2017-12-31,False,FY,2017,10-K,1744719000.0,,323752000.0,26.96,26.96,1.25,34527512000.0,,,336150000.0,3334064000.0,37517000.0,16128000.0,-16512000.0,870240000.0,150601000.0,84798000.0
