symbol,end_date,amend,period_focus,fiscal_year,doc_type,revenues,op_income,net_income,eps_basic,eps_diluted,dividend,assets,cur_assets,cur_liab,cash,equity,cash_flow_op,cash_flow_inv,cash_flow_fin,debt,goodwill,cap_ex
FDBC,2018-09-30,False,Q3,2018,10-Q,11311000.0,,2863000.0,0.76,0.75,0.24,949854000.0,,,14336000.0,90052000.0,10269000.0,-88083000.0,78933000.0,,209000.0,1869000.0
FDBC,2011-12-31,False,FY,2011,10-K,31295.0,,5045.0,2.28,2.28,1.0,606742.0,,,15158.0,53624.0,15084.0,-19273.0,33387.0,,,418.0
FDBC,2012-03-31,False,Q1,2012,10-Q,8003000.0,,1257000.0,0.56,0.56,0.25,639280000.0,,,14253000.0,54977000.0,2132000.0,-23535000.0,34919000.0,,,828000.0
FDBC,2011-06-30,False,Q2,2011,10-Q,7995152.0,,1288650.0,0.59,0.59,0.25,588683907.0,,,21017920.0,50346182.0,7783155.0,-7583997.0,23509953.0,,,177820.0
FDBC,2011-09-30,False,Q3,2011,10-Q,7847361.0,,1327116.0,0.59,0.59,0.25,621694132.0,,,11850245.0,52082330.0,9881822.0,-8671277.0,51948083.0,,,261613.0
FDBC,2012-09-30,False,Q3,2012,10-Q,7842000.0,,1399000.0,0.61,0.61,0.25,615447000.0,,,11685000.0,58553000.0,8735000.0,-22498000.0,7220000.0,,,1809000.0
FDBC,2012-06-30,False,Q2,2012,10-Q,7863000.0,,1317000.0,0.57,0.57,0.25,595736000.0,,,12063000.0,56563000.0,7530000.0,-26349000.0,-10555000.0,,,936000.0
FDBC,2013-03-31,False,Q1,2013,10-Q,8001000.0,,1394000.0,0.6,0.6,0.25,608171000.0,,,9042000.0,59779000.0,10849000.0,-17097000.0,5132000.0,,,111000.0
FDBC,2012-12-31,False,FY,2012,10-K,31503000.0,,4902000.0,2.14,2.14,1.0,601525000.0,,,12657000.0,58946000.0,4544000.0,-26329000.0,-8534000.0,,,1979000.0
FDBC,2013-06-30,False,Q2,2013,10-Q,7963000.0,,1513000.0,0.64,0.64,0.25,615175000.0,,,15238000.0,59903000.0,12349000.0,-31445000.0,12516000.0,,,467000.0
FDBC,2013-09-30,False,Q3,2013,10-Q,7862000.0,,1505000.0,0.64,0.64,0.25,640294000.0,,,13951000.0,61796000.0,19315000.0,-40826000.0,35550000.0,,,810000.0
FDBC,2013-12-31,False,FY,2013,10-K,34394000.0,,7122000.0,3.03,3.02,1.1,623825000.0,,,13197000.0,66060000.0,23060000.0,-46189000.0,14501000.0,,,1038000.0
FDBC,2015-06-30,False,Q2,2015,10-Q,8271000.0,,1780000.0,0.73,0.73,0.27,718555000.0,,,21718000.0,73699000.0,8136000.0,-51313000.0,39063000.0,,,1028000.0
FDBC,2015-09-30,False,Q3,2015,10-Q,8635000.0,,1929000.0,0.79,0.79,0.27,729208000.0,,,13408000.0,75633000.0,13604000.0,-60763000.0,46998000.0,,,1214000.0
FDBC,2016-03-31,False,Q1,2016,10-Q,8423000.0,,1701000.0,0.69,0.69,0.27,763382000.0,,,12672000.0,78309000.0,1499000.0,-3941000.0,31256000.0,,,440000.0
FDBC,2014-06-30,False,Q2,2014,10-Q,7966000.0,,1627000.0,0.67,0.67,0.25,650306000.0,,,14419000.0,69926000.0,3591000.0,-23725000.0,21355000.0,,,955000.0
FDBC,2014-09-30,False,Q3,2014,10-Q,8043000.0,,1631000.0,0.68,0.67,0.25,673885000.0,,,13278000.0,71058000.0,5845000.0,-42842000.0,43464000.0,,,2159000.0
FDBC,2014-03-31,False,Q1,2014,10-Q,7740000.0,,1456000.0,0.61,0.61,0.25,654429000.0,,,15462000.0,67849000.0,1588000.0,-11186000.0,28479000.0,,,433000.0
FDBC,2014-12-31,False,FY,2014,10-K,32198000.0,,6352000.0,2.63,2.62,1.1,676485000.0,,,11808000.0,72219000.0,7898000.0,-39933000.0,44668000.0,,,2970000.0
FDBC,2015-12-31,False,FY,2015,10-K,33547000.0,,7103000.0,2.91,2.9,1.16,729358000.0,,,12259000.0,76351000.0,15725000.0,-74624000.0,45325000.0,,,1596000.0
FDBC,2015-03-31,False,Q1,2015,10-Q,8054000.0,,1573000.0,0.65,0.64,0.25,702507000.0,,,14157000.0,73522000.0,2174000.0,-33133000.0,24091000.0,,,664000.0
FDBC,2016-06-30,False,Q2,2016,10-Q,8815000.0,,1928000.0,0.79,0.79,0.29,756476000.0,,,10801000.0,80396000.0,5925000.0,-10771000.0,20422000.0,,,802000.0
FDBC,2017-06-30,False,Q2,2017,10-Q,9985000.0,,2183000.0,0.89,0.88,0.31,855468000.0,,,14858000.0,84136000.0,6835000.0,-60596000.0,42795000.0,,209000.0,472000.0
FDBC,2017-03-31,False,Q1,2017,10-Q,9471000.0,,1980000.0,0.8,0.8,0.31,852686000.0,,,13119000.0,82193000.0,4836000.0,-45160000.0,43597000.0,,209000.0,209000.0
FDBC,2016-09-30,False,Q3,2016,10-Q,9030000.0,,2035000.0,0.83,0.82,0.29,770423000.0,,,13670000.0,81559000.0,10282000.0,-23070000.0,31951000.0,,,1075000.0
FDBC,2016-12-31,False,FY,2016,10-K,35500000.0,,7693000.0,3.14,3.13,1.24,792944000.0,,,12856000.0,80631000.0,15859000.0,-58161000.0,55868000.0,0.0,,1476000.0
FDBC,2018-03-31,False,Q1,2018,10-Q,10426000.0,,2528000.0,0.67,0.67,0.24,897417000.0,,,3971000.0,87502000.0,3408000.0,-14968000.0,32040000.0,,209000.0,214000.0
FDBC,2017-09-30,False,Q3,2017,10-Q,10176000.0,,2226000.0,0.6,0.6,0.21,878266000.0,,,11835000.0,86284000.0,11473000.0,-57612000.0,62177000.0,,209000.0,747000.0
FDBC,2017-12-31,False,FY,2017,10-K,39431000.0,,8716000.0,2.35,2.33,0.88,863637000.0,,,14143000.0,87383000.0,13887000.0,-69842000.0,45937000.0,,209000.0,921000.0
FDBC,2018-06-30,False,Q2,2018,10-Q,10906000.0,,2768000.0,0.74,0.73,0.24,922601000.0,,,15903000.0,88852000.0,7546000.0,-60409000.0,55010000.0,,209000.0,821000.0
