symbol,end_date,amend,period_focus,fiscal_year,doc_type,revenues,op_income,net_income,eps_basic,eps_diluted,dividend,assets,cur_assets,cur_liab,cash,equity,cash_flow_op,cash_flow_inv,cash_flow_fin,debt,goodwill,cap_ex
FDEF,2011-06-30,False,Q2,2011,10-Q,28811000.0,,4243000.0,0.44,0.43,0.0,2045690000.0,,,28817000.0,269139000.0,19932000.0,32961000.0,-8240000.0,,57556000.0,663000.0
FDEF,2011-09-30,False,Q3,2011,10-Q,28523000.0,,3553000.0,0.37,0.36,0.0,2058357000.0,,,30234000.0,275118000.0,28173000.0,-4528000.0,-2575000.0,,61568000.0,1571000.0
FDEF,2011-12-31,False,FY,2011,10-K,114583000.0,,13506000.0,1.44,1.42,0.05,2068190000.0,,,31931000.0,278127000.0,38739000.0,-40949000.0,7977000.0,,61525000.0,2041000.0
FDEF,2012-09-30,False,Q3,2012,10-Q,27878000.0,,5423000.0,0.56,0.54,0.05,2055672000.0,,,32406000.0,255136000.0,33550000.0,-81502000.0,-34573000.0,,61525000.0,2874000.0
FDEF,2018-12-31,False,FY,2018,10-K,11700000.0,,46233000.0,2.27,2.26,0.64,3181722000.0,,,55962000.0,399589000.0,53055000.0,-213024000.0,145238000.0,25000000.0,98569000.0,4168000.0
FDEF,2012-06-30,False,Q2,2012,10-Q,28513000.0,,3181000.0,0.33,0.32,0.05,2067616000.0,,,31517000.0,249870000.0,22782000.0,-80756000.0,-13440000.0,,61525000.0,2488000.0
FDEF,2013-03-31,False,Q1,2013,10-Q,27438000.0,,5559000.0,0.57,0.55,0.1,2039411000.0,,,31342000.0,262643000.0,15637000.0,14990000.0,-11117000.0,,61525000.0,365000.0
FDEF,2012-03-31,False,Q1,2012,10-Q,29173000.0,,3645000.0,0.37,0.37,0.05,2142264000.0,,,32882000.0,281364000.0,11991000.0,-5352000.0,68312000.0,,61525000.0,1335000.0
FDEF,2013-09-30,False,Q3,2013,10-Q,26125000.0,,5479000.0,0.56,0.54,0.1,2058430000.0,,,42629000.0,269359000.0,30588000.0,-37585000.0,-2206000.0,,61525000.0,1760000.0
FDEF,2012-12-31,False,FY,2012,10-K,115317000.0,,18047000.0,1.86,1.81,0.2,2046948000.0,,0.0,45832000.0,258128000.0,31910000.0,-24172000.0,-45837000.0,,61525000.0,3223000.0
FDEF,2013-06-30,False,Q2,2013,10-Q,26580000.0,,6109000.0,0.63,0.6,0.1,2066216000.0,,,39743000.0,264497000.0,20109000.0,-41914000.0,12716000.0,,61525000.0,796000.0
FDEF,2014-03-31,False,Q1,2014,10-Q,25800000.0,,5179000.0,0.53,0.51,0.15,2163659000.0,,,42183000.0,274877000.0,5342000.0,8642000.0,17881000.0,,61525000.0,507000.0
FDEF,2013-12-31,False,FY,2013,10-K,105351000.0,,22235000.0,2.28,2.19,0.4,2137148000.0,,,36318000.0,272147000.0,39363000.0,-69872000.0,72995000.0,,61525000.0,2045000.0
FDEF,2014-06-30,False,Q2,2014,10-Q,26391000.0,,5689000.0,0.59,0.57,0.15,2151490000.0,,,42246000.0,276449000.0,11483000.0,-31725000.0,-2830000.0,,61525000.0,2335000.0
FDEF,2014-09-30,False,Q3,2014,10-Q,28642000.0,,7069000.0,0.75,0.71,0.15,2151079000.0,,,36654000.0,278233000.0,20231000.0,-90951000.0,-11944000.0,,61525000.0,3580000.0
FDEF,2016-03-31,False,Q1,2016,10-Q,29766000.0,,7070000.0,0.79,0.78,0.22,2358931000.0,,,40785000.0,280371000.0,4849000.0,-12580000.0,51747000.0,,61798000.0,562000.0
FDEF,2014-12-31,False,FY,2014,10-K,107889000.0,,24292000.0,2.55,2.44,0.63,2178952000.0,,,41936000.0,279505000.0,30065000.0,-103662000.0,7215000.0,,61525000.0,4935000.0
FDEF,2015-09-30,False,Q3,2015,10-Q,28248000.0,,6696000.0,0.72,0.72,0.2,2228281000.0,,,34308000.0,278556000.0,20345000.0,-89063000.0,29090000.0,,61798000.0,1631000.0
FDEF,2015-06-30,False,Q2,2015,10-Q,27846000.0,,6563000.0,0.71,0.7,0.2,2196510000.0,,,33586000.0,276028000.0,9492000.0,-63174000.0,6332000.0,,61525000.0,1214000.0
FDEF,2015-12-31,False,FY,2015,10-K,112639000.0,,26423000.0,2.87,2.82,0.78,2297676000.0,,,38769000.0,280197000.0,30652000.0,-154254000.0,90435000.0,,61798000.0,4000000.0
FDEF,2015-03-31,False,Q1,2015,10-Q,28038000.0,,6601000.0,0.71,0.69,0.175,2201321000.0,,,38472000.0,273117000.0,2843000.0,-46227000.0,11920000.0,,61525000.0,829000.0
FDEF,2016-06-30,False,Q2,2016,10-Q,30055000.0,,7264000.0,0.81,0.8,0.22,2409599000.0,,,46546000.0,286616000.0,5178000.0,-48351000.0,93950000.0,,61798000.0,1028000.0
FDEF,2016-09-30,False,Q3,2016,10-Q,30529000.0,,7045000.0,0.78,0.78,0.22,2450040000.0,,,47797000.0,292138000.0,16303000.0,-118314000.0,127039000.0,,61798000.0,1289000.0
FDEF,2017-03-31,False,Q1,2017,10-Q,34585000.0,,5139000.0,0.54,0.54,0.25,2928697000.0,,,53998000.0,354191000.0,8271000.0,-11383000.0,74107000.0,,90768000.0,1278000.0
FDEF,2017-06-30,False,Q2,2017,10-Q,37598000.0,,8346000.0,0.82,0.82,0.25,2890507000.0,,,51941000.0,361430000.0,14705000.0,-32167000.0,30400000.0,6500000.0,98318000.0,1992000.0
FDEF,2016-12-31,False,FY,2016,10-K,121413000.0,,28804000.0,3.21,3.19,0.88,2477597000.0,,,53003000.0,293018000.0,23504000.0,-158480000.0,-13406000.0,,61798000.0,2106000.0
FDEF,2017-12-31,False,FY,2017,10-K,148183000.0,,32263000.0,3.23,3.22,1.0,2993403000.0,,,58693000.0,373286000.0,35957000.0,-132878000.0,111611000.0,,98569000.0,3263000.0
FDEF,2018-09-30,False,Q3,2018,10-Q,41885000.0,,11305000.0,0.55,0.55,0.17,3098085000.0,,,55526000.0,393457000.0,33018000.0,-120065000.0,72880000.0,,98569000.0,2911000.0
FDEF,2018-03-31,False,Q1,2018,10-Q,39608000.0,,11734000.0,1.15,1.15,0.3,3022984000.0,,,46566000.0,379214000.0,8852000.0,-4664000.0,20685000.0,,98569000.0,476000.0
FDEF,2017-09-30,False,Q3,2017,10-Q,37576000.0,,9380000.0,0.92,0.92,0.25,2935030000.0,,,55731000.0,367924000.0,22004000.0,-56578000.0,60302000.0,6500000.0,98370000.0,2491000.0
FDEF,2018-06-30,False,Q2,2018,10-Q,40513000.0,,11108000.0,0.54,0.54,0.15,3039574000.0,,,53885000.0,386920000.0,12911000.0,-49709000.0,29990000.0,,98569000.0,1946000.0
