symbol,end_date,amend,period_focus,fiscal_year,doc_type,revenues,op_income,net_income,eps_basic,eps_diluted,dividend,assets,cur_assets,cur_liab,cash,equity,cash_flow_op,cash_flow_inv,cash_flow_fin,debt,goodwill,cap_ex
FF,2011-06-30,False,Q2,2011,10-Q,73963000.0,12656000.0,8439000.0,0.21,0.21,0.0,360539000.0,220675000.0,28291000.0,94525000.0,272214000.0,34795000.0,-39129000.0,7802000.0,,,15325000.0
FF,2012-03-31,False,Q1,2012,10-Q,84837000.0,10583000.0,7113000.0,0.17,0.17,0.0,392657000.0,250532000.0,39894000.0,88886000.0,292425000.0,13983000.0,-10790000.0,-4052000.0,,,2113000.0
FF,2018-09-30,False,Q3,2018,10-Q,81422000.0,10229000.0,9445000.0,0.22,0.22,0.0,483205000.0,373726000.0,52139000.0,199348000.0,397848000.0,79169000.0,13600000.0,-8048000.0,0.0,,3084000.0
FF,2013-06-30,False,Q2,2013,10-Q,106063000.0,24975000.0,18156000.0,0.42,0.42,0.0,410547000.0,269200000.0,47807000.0,87145000.0,305841000.0,29528000.0,-10878000.0,9758000.0,,,
FF,2013-03-31,False,Q1,2013,10-Q,92165000.0,18950000.0,14050000.0,0.33,0.33,0.0,405328000.0,264694000.0,53389000.0,62211000.0,294288000.0,-7335000.0,-3716000.0,14525000.0,,,
FF,2012-06-30,False,Q2,2012,10-Q,103237000.0,11572000.0,8473000.0,0.21,0.2,0.0,391219000.0,249793000.0,34181000.0,112031000.0,295852000.0,43390000.0,-12920000.0,-8184000.0,,,4068000.0
FF,2011-09-30,False,Q3,2011,10-Q,90101000.0,19358000.0,12733000.0,0.31,0.31,0.0,371734000.0,230599000.0,32193000.0,102556000.0,277369000.0,60111000.0,-52284000.0,3672000.0,,,18849000.0
FF,2012-09-30,False,Q3,2012,10-Q,88276000.0,19181000.0,12549000.0,0.3,0.3,0.0,409713000.0,268321000.0,41553000.0,114593000.0,307755000.0,62139000.0,-25016000.0,-12275000.0,,,6724000.0
FF,2011-12-31,False,FY,2011,10-K,304614000.0,51615000.0,34509000.0,0.85,0.84,0.0,385244000.0,242525000.0,35799000.0,89745000.0,288238000.0,50429000.0,-51367000.0,-374000.0,,,23208000.0
FF,2012-12-31,False,FY,2012,10-K,351829000.0,46092000.0,34304000.0,0.83,0.83,0.0,355237000.0,213936000.0,36234000.0,58737000.0,260334000.0,64888000.0,-32613000.0,-63283000.0,,,9112000.0
FF,2013-12-31,False,FY,2013,10-K,435499000.0,90254000.0,74034000.0,1.71,1.71,0.0,414447000.0,283288000.0,40396000.0,86463000.0,328590000.0,62454000.0,-24111000.0,-10617000.0,,,18542000.0
FF,2014-09-30,False,Q3,2014,10-Q,8816.0,18175000.0,11451000.0,0.26,0.26,0.0,435973000.0,304971000.0,50746000.0,88632000.0,337897000.0,26486000.0,-8520000.0,-15797000.0,0.0,,6691000.0
FF,2013-09-30,False,Q3,2013,10-Q,121119000.0,23515000.0,15297000.0,0.35,0.35,0.0,414298000.0,285705000.0,54735000.0,97442000.0,316318000.0,57280000.0,-23606000.0,5031000.0,,,
FF,2014-03-31,False,Q1,2014,10-Q,80303000.0,7451000.0,6274000.0,0.14,0.14,0.0,419609000.0,287954000.0,45463000.0,101304000.0,328889000.0,31458000.0,-11406000.0,-5211000.0,,,2682000.0
FF,2014-06-30,False,Q2,2014,10-Q,66933000.0,4171000.0,5347000.0,0.12,0.12,0.0,421603000.0,289397000.0,44218000.0,84552000.0,331763000.0,2842000.0,5646000.0,-10399000.0,,,5715000.0
FF,2014-12-31,False,FY,2014,10-K,8816.0,56128000.0,53200000.0,1.22,1.22,0.0,461488000.0,331465000.0,52087000.0,124079000.0,359009000.0,51952000.0,6708000.0,-21044000.0,0.0,,8117000.0
FF,2016-03-31,False,Q1,2016,10-Q,43204000.0,8529000.0,10569000.0,0.24,0.24,0.0,495202000.0,367666000.0,44724000.0,148312000.0,402986000.0,1197000.0,-4122000.0,-2812000.0,0.0,,897000.0
FF,2015-12-31,False,FY,2015,10-K,234630000.0,46971000.0,46421000.0,1.06,1.06,0.0,489109000.0,359824000.0,48553000.0,154049000.0,394312000.0,39623000.0,2025000.0,-11678000.0,0.0,,7222000.0
FF,2015-09-30,False,Q3,2015,10-Q,79375000.0,5933000.0,4850000.0,0.11,0.11,0.0,445771000.0,315140000.0,32847000.0,176547000.0,365688000.0,59922000.0,1628000.0,-9082000.0,0.0,,6029000.0
FF,2016-06-30,False,Q2,2016,10-Q,65842000.0,5376000.0,14224000.0,0.33,0.33,0.0,495538000.0,369081000.0,33595000.0,173600000.0,415939000.0,46028000.0,-21040000.0,-5437000.0,0.0,,2254000.0
FF,2017-03-31,False,Q1,2017,10-Q,54111000.0,3475000.0,3396000.0,0.08,0.08,0.0,426997000.0,305369000.0,37965000.0,94686000.0,338561000.0,8282000.0,-10055000.0,-102813000.0,0.0,,898000.0
FF,2016-09-30,False,Q3,2016,10-Q,69306000.0,7841000.0,12868000.0,0.29,0.29,0.0,513034000.0,388380000.0,41295000.0,182373000.0,427492000.0,76879000.0,-40444000.0,-8111000.0,0.0,,3107000.0
FF,2015-03-31,False,Q1,2015,10-Q,49815000.0,10777000.0,8131000.0,0.19,0.19,0.0,467453000.0,336906000.0,52563000.0,160444000.0,364371000.0,41102000.0,-2092000.0,-2645000.0,0.0,,2539000.0
FF,2015-06-30,False,Q2,2015,10-Q,78690000.0,3177000.0,3793000.0,0.09,0.09,0.0,460741000.0,329196000.0,46315000.0,142359000.0,364735000.0,34860000.0,-10590000.0,-5990000.0,0.0,,4360000.0
FF,2016-12-31,False,FY,2016,10-K,253193000.0,36523000.0,56341000.0,1.29,1.29,0.0,529043000.0,405282000.0,144049000.0,199272000.0,332813000.0,90975000.0,-35207000.0,-10545000.0,0.0,,4495000.0
FF,2017-06-30,False,Q2,2017,10-Q,68048000.0,-626000.0,834000.0,0.02,0.02,0.0,427589000.0,308203000.0,35745000.0,111010000.0,341743000.0,27959000.0,-10774000.0,-105447000.0,0.0,,1686000.0
FF,2018-03-31,False,Q1,2018,10-Q,55747000.0,34567000.0,40354000.0,0.92,0.92,0.0,478031000.0,365131000.0,58817000.0,135393000.0,382293000.0,3840000.0,19550000.0,-2624000.0,0.0,,428000.0
FF,2017-09-30,False,Q3,2017,10-Q,77606000.0,3200000.0,3334000.0,0.08,0.08,0.0,437571000.0,320331000.0,42206000.0,113245000.0,345715000.0,36440000.0,-14252000.0,-108215000.0,0.0,,2614000.0
FF,2018-06-30,False,Q2,2018,10-Q,88336000.0,5840000.0,6051000.0,0.14,0.14,0.0,477411000.0,366952000.0,53487000.0,199921000.0,388493000.0,65360000.0,25182000.0,-5248000.0,0.0,,1103000.0
FF,2017-12-31,False,FY,2017,10-K,275026000.0,9887000.0,23511000.0,0.54,0.54,0.0,425563000.0,310358000.0,35281000.0,114627000.0,351596000.0,39347000.0,-13183000.0,-110809000.0,0.0,,3581000.0
