symbol,end_date,amend,period_focus,fiscal_year,doc_type,revenues,op_income,net_income,eps_basic,eps_diluted,dividend,assets,cur_assets,cur_liab,cash,equity,cash_flow_op,cash_flow_inv,cash_flow_fin,debt,goodwill,cap_ex
FFIC,2012-03-31,False,Q1,2012,10-Q,56293000.0,,7129000.0,0.23,0.23,0.13,4357957000.0,,,35390000.0,422956000.0,16922000.0,-99535000.0,62282000.0,,16127000.0,470000.0
FFIC,2018-12-31,False,FY,2018,10-K,267335000.0,,55090000.0,1.92,1.92,0.8,6834176000.0,,,118561000.0,549464000.0,77303000.0,-477995000.0,467707000.0,1250843000.0,16127000.0,5409000.0
FFIC,2012-06-30,False,Q2,2012,10-Q,55492000.0,,8637000.0,0.28,0.28,0.13,4435829000.0,,,41216000.0,430966000.0,35799000.0,-174154000.0,123850000.0,,16127000.0,708000.0
FFIC,2011-12-31,False,FY,2011,10-K,234779000.0,,35348000.0,1.15,1.15,0.52,4287949000.0,,,55721000.0,416911000.0,64720000.0,22693000.0,-79481000.0,,16127000.0,4561000.0
FFIC,2011-06-30,False,Q2,2011,10-Q,58634000.0,,9074000.0,0.29,0.29,0.13,4323228000.0,,,31784000.0,405174000.0,26910000.0,-22824000.0,-20091000.0,,16127000.0,1275000.0
FFIC,2011-09-30,False,Q3,2011,10-Q,60624000.0,,10150000.0,0.33,0.33,0.13,4303536000.0,,,50902000.0,418992000.0,39452000.0,18958000.0,-55297000.0,,16127000.0,2489000.0
FFIC,2012-09-30,False,Q3,2012,10-Q,56706000.0,,9365000.0,0.31,0.31,0.13,4380450000.0,,,36098000.0,441398000.0,56444000.0,-126685000.0,50618000.0,,16127000.0,906000.0
FFIC,2013-03-31,False,Q1,2013,10-Q,55434000.0,,6756000.0,0.22,0.22,0.13,4476513000.0,,,46046000.0,443883000.0,20112000.0,-19860000.0,5369000.0,,16127000.0,283000.0
FFIC,2013-09-30,False,Q3,2013,10-Q,50796000.0,,9421000.0,0.32,0.32,0.13,4732265000.0,,,40328000.0,427012000.0,56563000.0,-321283000.0,264623000.0,,16127000.0,469000.0
FFIC,2012-12-31,False,FY,2012,10-K,222779000.0,,34331000.0,1.13,1.13,0.52,4451416000.0,,,40425000.0,442365000.0,71097000.0,-197988000.0,111595000.0,,16127000.0,1290000.0
FFIC,2013-12-31,False,FY,2013,10-K,210082000.0,,37752000.0,1.26,1.26,0.52,4721501000.0,,,33485000.0,432532000.0,74435000.0,-326024000.0,244649000.0,,16127000.0,809000.0
FFIC,2013-06-30,False,Q2,2013,10-Q,52494000.0,,9627000.0,0.32,0.32,0.13,4599216000.0,,,42196000.0,422725000.0,40498000.0,-180741000.0,142014000.0,,16127000.0,381000.0
FFIC,2014-03-31,False,Q1,2014,10-Q,50921000.0,,10296000.0,0.34,0.34,0.15,4819976000.0,,,43630000.0,447562000.0,14389000.0,-87357000.0,83113000.0,,16127000.0,342000.0
FFIC,2014-09-30,False,Q3,2014,10-Q,56300000.0,,11201000.0,0.38,0.38,0.15,4891986000.0,,,30499000.0,452396000.0,42167000.0,-167151000.0,121998000.0,915633000.0,16127000.0,1416000.0
FFIC,2014-06-30,False,Q2,2014,10-Q,51555000.0,,11685000.0,0.39,0.39,0.15,4853812000.0,,,36982000.0,460507000.0,31382000.0,-122166000.0,94281000.0,966202000.0,16127000.0,855000.0
FFIC,2016-09-30,False,Q3,2016,10-Q,57377000.0,,10634000.0,0.37,0.37,0.17,5999255000.0,,,47880000.0,512621000.0,37407000.0,-246941000.0,215051000.0,1320515000.0,16127000.0,4159000.0
FFIC,2016-03-31,False,Q1,2016,10-Q,56903000.0,,9561000.0,0.33,0.33,0.17,5813067000.0,,,51417000.0,487779000.0,16596000.0,-92159000.0,84617000.0,1074789000.0,16127000.0,540000.0
FFIC,2015-09-30,False,Q3,2015,10-Q,53610000.0,,11008000.0,0.38,0.38,0.16,5502075000.0,,,34474000.0,471190000.0,34452000.0,-403285000.0,369042000.0,1120577000.0,16127000.0,9933000.0
FFIC,2015-03-31,False,Q1,2015,10-Q,51473000.0,,8733000.0,0.3,0.3,0.16,5270495000.0,,,21104000.0,465886000.0,12612000.0,-193987000.0,168214000.0,1019291000.0,16127000.0,5229000.0
FFIC,2015-06-30,False,Q2,2015,10-Q,60169000.0,,14834000.0,0.51,0.51,0.16,5359964000.0,,,36599000.0,462136000.0,23528000.0,-246048000.0,224854000.0,999435000.0,16127000.0,7841000.0
FFIC,2015-12-31,False,FY,2015,10-K,219865000.0,,46209000.0,1.59,1.59,640.0,5704634000.0,,,42363000.0,473067000.0,44730000.0,-600516000.0,563884000.0,1155676000.0,16127000.0,11089000.0
FFIC,2016-06-30,False,Q2,2016,10-Q,92808000.0,,30435000.0,1.05,1.05,0.17,5986727000.0,,,50165000.0,508883000.0,31532000.0,-227934000.0,204204000.0,1384751000.0,16127000.0,1460000.0
FFIC,2017-03-31,False,Q1,2017,10-Q,60943000.0,,12260000.0,0.42,0.42,0.18,6231485000.0,,,51215000.0,525402000.0,16040000.0,-158362000.0,157680000.0,1227852000.0,16127000.0,630000.0
FFIC,2018-03-31,False,Q1,2018,10-Q,63986000.0,,11412000.0,0.39,0.39,0.2,6482771000.0,,,91959000.0,535307000.0,15288000.0,-145226000.0,170351000.0,1177101000.0,16127000.0,1867000.0
FFIC,2018-06-30,False,Q2,2018,10-Q,66461000.0,,13923000.0,0.48,0.48,0.2,6467616000.0,,,42805000.0,538044000.0,36700000.0,-184573000.0,139132000.0,1250732000.0,16127000.0,2666000.0
FFIC,2016-12-31,False,FY,2016,10-K,278533000.0,,64916000.0,2.24,2.24,0.68,6058487000.0,,,35857000.0,513853000.0,42395000.0,-322232000.0,273331000.0,1266563000.0,16127000.0,6655000.0
FFIC,2017-12-31,False,FY,2017,10-K,244947000.0,,41121000.0,1.41,1.41,0.72,6299274000.0,,,51546000.0,532608000.0,83526000.0,-254114000.0,186277000.0,1309653000.0,16127000.0,9434000.0
FFIC,2018-09-30,False,Q3,2018,10-Q,70441000.0,,17333000.0,0.61,0.61,0.2,6539543000.0,,,45094000.0,541756000.0,59404000.0,-243828000.0,177972000.0,1197101000.0,16127000.0,3421000.0
FFIC,2014-12-31,False,FY,2014,10-K,207371000.0,,44239000.0,1.49,1.48,0.6,5077013000.0,,,34265000.0,456247000.0,57376000.0,-339576000.0,282980000.0,940492000.0,16127000.0,4325000.0
FFIC,2017-06-30,False,Q2,2017,10-Q,60263000.0,,12725000.0,0.44,0.44,0.18,6285236000.0,,,48539000.0,534091000.0,32684000.0,-213288000.0,193286000.0,1425779000.0,16127000.0,2351000.0
FFIC,2017-09-30,False,Q3,2017,10-Q,60980000.0,,10179000.0,0.35,0.35,0.18,6261382000.0,,,60161000.0,539609000.0,53096000.0,-179965000.0,151173000.0,1200682000.0,16127000.0,5321000.0
