symbol,end_date,amend,period_focus,fiscal_year,doc_type,revenues,op_income,net_income,eps_basic,eps_diluted,dividend,assets,cur_assets,cur_liab,cash,equity,cash_flow_op,cash_flow_inv,cash_flow_fin,debt,goodwill,cap_ex
FFIN,2010-09-30,False,Q3,2010,10-Q,50185000.0,,16229000.0,0.78,0.78,0.34,3447483000.0,,,329159000.0,450931000.0,61752000.0,-119428000.0,65294000.0,,,9090000.0
FFIN,2010-06-30,False,Q2,2010,10-Q,49624000.0,,14198000.0,0.68,0.68,0.34,3335595000.0,,,240206000.0,430998000.0,40065000.0,-142659000.0,21259000.0,,,5763000.0
FFIN,2010-12-31,False,FY,2010,10-K,199177000.0,,59659000.0,2.86,2.86,1.36,3776367000.0,,,367953000.0,441688000.0,71828000.0,-308745000.0,283329000.0,,,11240000.0
FFIN,2011-12-31,False,FY,2011,10-K,211459000.0,,68369000.0,2.17,2.17,0.95,4120531000.0,,,250836000.0,508537000.0,95111000.0,-331030000.0,222488000.0,,,14777000.0
FFIN,2018-12-31,False,FY,2018,10-K,393454000.0,,150638000.0,2.23,2.22,0.82,7731854000.0,,,248647000.0,1053295000.0,188986000.0,-275921000.0,-36765000.0,0.0,171565000.0,17646000.0
FFIN,2011-09-30,False,Q3,2011,10-Q,54075000.0,,18087000.0,0.58,0.57,0.24,3935403000.0,,,301292000.0,499199000.0,81472000.0,-202881000.0,54748000.0,,,9947000.0
FFIN,2012-03-31,False,Q1,2012,10-Q,53095000.0,,17756000.0,0.56,0.56,0.24,4227250000.0,,,226532000.0,517005000.0,36744000.0,-146981000.0,85933000.0,,,5063000.0
FFIN,2011-03-31,False,Q1,2011,10-Q,52569000.0,,16295000.0,0.52,0.52,0.23,3828203000.0,,,313932000.0,456215000.0,37524000.0,-117338000.0,25793000.0,,,2372000.0
FFIN,2011-06-30,False,Q2,2011,10-Q,52135000.0,,16520000.0,0.53,0.52,0.24,3841015000.0,,,302783000.0,477705000.0,56749000.0,-128640000.0,6721000.0,,,6437000.0
FFIN,2012-06-30,False,Q2,2012,10-Q,53375000.0,,18351000.0,0.58,0.58,0.25,4291804000.0,,,158428000.0,534263000.0,55966000.0,-234807000.0,86433000.0,,,8525000.0
FFIN,2013-06-30,False,Q2,2013,10-Q,57599000.0,,19490000.0,0.62,0.61,0.26,4982605000.0,,,160736000.0,575864000.0,45900000.0,-310216000.0,64313000.0,,23018000.0,6215000.0
FFIN,2012-09-30,False,Q3,2012,10-Q,55786000.0,,19800000.0,0.63,0.63,0.25,4310547000.0,,,177639000.0,549912000.0,78182000.0,-285358000.0,133979000.0,,,10904000.0
FFIN,2012-12-31,False,FY,2012,10-K,217005000.0,,74225000.0,2.36,2.36,0.99,4502012000.0,,,360739000.0,556963000.0,93062000.0,-294991000.0,311832000.0,,,16180000.0
FFIN,2013-09-30,False,Q3,2013,10-Q,63730000.0,,19562000.0,0.61,0.61,0.26,5075635000.0,,,227600000.0,568241000.0,94265000.0,-401558000.0,174154000.0,,23018000.0,8492000.0
FFIN,2013-03-31,False,Q1,2013,10-Q,53535000.0,,18577000.0,0.59,0.59,0.25,4455980000.0,,,137198000.0,564252000.0,42625000.0,-187969000.0,-78197000.0,,,4567000.0
FFIN,2013-12-31,False,FY,2013,10-K,238421000.0,,78868000.0,2.48,2.47,1.03,5222208000.0,,,212012000.0,587647000.0,109858000.0,-556770000.0,298185000.0,,23018000.0,11324000.0
FFIN,2014-03-31,False,Q1,2014,10-Q,64614000.0,,22336000.0,0.35,0.35,0.13,5281027000.0,,,167861000.0,616566000.0,43385000.0,-98470000.0,10934000.0,,23018000.0,1909000.0
FFIN,2014-06-30,False,Q2,2014,10-Q,65126000.0,,21205000.0,0.33,0.33,0.14,5446356000.0,,,237678000.0,640036000.0,60426000.0,-173107000.0,138347000.0,,23018000.0,5400000.0
FFIN,2014-09-30,False,Q3,2014,10-Q,67279000.0,,23431000.0,0.37,0.36,0.14,5575811000.0,,,238736000.0,658765000.0,99560000.0,-255613000.0,182777000.0,,,12993000.0
FFIN,2015-09-30,False,Q3,2015,10-Q,77609000.0,,25886000.0,0.4,0.4,0.16,6467645000.0,,,140398000.0,792034000.0,93919000.0,-304178000.0,97186000.0,,43606000.0,12437000.0
FFIN,2015-06-30,False,Q2,2015,10-Q,71153000.0,,25307000.0,0.39,0.39,0.16,6115236000.0,,,173423000.0,701193000.0,45548000.0,-339777000.0,214181000.0,,,6240000.0
FFIN,2015-12-31,False,FY,2015,10-K,295055000.0,,100381000.0,1.55,1.54,0.62,6665070000.0,,,272886000.0,804986000.0,109092000.0,-384225000.0,294548000.0,0.0,139971000.0,17433000.0
FFIN,2014-12-31,False,FY,2014,10-K,265163000.0,,89559000.0,1.4,1.39,0.55,5848202000.0,,,253471000.0,681537000.0,131402000.0,-575205000.0,485262000.0,,23018000.0,17412000.0
FFIN,2015-03-31,False,Q1,2015,10-Q,67966000.0,,23997000.0,0.37,0.37,0.14,6025372000.0,,,165968000.0,706248000.0,40405000.0,-241203000.0,113295000.0,,,3087000.0
FFIN,2016-03-31,False,Q1,2016,10-Q,78156000.0,,25696000.0,0.39,0.39,0.16,6525185000.0,,,165648000.0,838608000.0,72005000.0,47211000.0,-226454000.0,,43922000.0,5447000.0
FFIN,2016-06-30,False,Q2,2016,10-Q,79319000.0,,26809000.0,0.41,0.41,0.18,6614990000.0,,,205798000.0,866158000.0,91010000.0,54722000.0,-212820000.0,,43922000.0,12130000.0
FFIN,2017-12-31,False,FY,2017,10-K,336992000.0,,120371000.0,1.82,1.81,0.75,7254715000.0,,,372347000.0,922768000.0,190274000.0,-398044000.0,323631000.0,0.0,139971000.0,14162000.0
FFIN,2016-09-30,False,Q3,2016,10-Q,80245000.0,,25603000.0,0.39,0.39,0.18,6686736000.0,,,287715000.0,867944000.0,127828000.0,-24351000.0,-88648000.0,,43922000.0,17151000.0
FFIN,2017-09-30,False,Q3,2017,10-Q,86814000.0,,29374000.0,0.44,0.44,0.19,7009164000.0,,,344435000.0,906556000.0,155145000.0,-157669000.0,90473000.0,,141355000.0,12626000.0
FFIN,2018-03-31,False,Q1,2018,10-Q,93505000.0,,34519000.0,0.51,0.51,0.19,7567449000.0,,,198039000.0,969814000.0,45130000.0,-135258000.0,-84180000.0,,31593000.0,1808000.0
FFIN,2017-06-30,False,Q2,2017,10-Q,84352000.0,,28255000.0,0.43,0.43,0.19,6947392000.0,,,220511000.0,887442000.0,97508000.0,-192421000.0,58938000.0,,143120000.0,7705000.0
FFIN,2017-03-31,False,Q1,2017,10-Q,80069000.0,,26599000.0,0.4,0.4,0.18,6930370000.0,,,222679000.0,859354000.0,66961000.0,-187356000.0,86588000.0,,143435000.0,3888000.0
FFIN,2016-12-31,False,FY,2016,10-K,317420000.0,,104774000.0,1.59,1.59,0.7,6809931000.0,,,256486000.0,837885000.0,160742000.0,-251960000.0,74818000.0,0.0,139971000.0,20399000.0
FFIN,2018-09-30,False,Q3,2018,10-Q,101104000.0,,40050000.0,0.59,0.59,0.21,7571231000.0,,,199509000.0,995739000.0,158903000.0,-185075000.0,-146666000.0,,31593000.0,12381000.0
FFIN,2018-06-30,False,Q2,2018,10-Q,97566000.0,,37633000.0,0.56,0.55,0.21,7685470000.0,,,286166000.0,985628000.0,88973000.0,-183718000.0,8564000.0,,31593000.0,8544000.0
