symbol,end_date,amend,period_focus,fiscal_year,doc_type,revenues,op_income,net_income,eps_basic,eps_diluted,dividend,assets,cur_assets,cur_liab,cash,equity,cash_flow_op,cash_flow_inv,cash_flow_fin,debt,goodwill,cap_ex
FFIV,2011-12-31,False,Q1,2012,10-Q,322432000.0,99789000.0,66492000.0,0.84,0.83,0.0,1698689000.0,804102000.0,432754000.0,257488000.0,1170190000.0,131879000.0,-67371000.0,-23497000.0,,234691000.0,5857000.0
FFIV,2010-12-31,False,Q1,2011,10-Q,268934000.0,79856000.0,55663000.0,0.69,0.68,0.0,1475837000.0,684539000.0,327866000.0,168133000.0,1075099000.0,103139000.0,-97179000.0,-6026000.0,,234700000.0,5491000.0
FFIV,2018-12-31,False,Q1,2019,10-Q,1149521000.0,158216000.0,130905000.0,2.17,2.16,0.0,2891896000.0,1619636000.0,1047690000.0,480121000.0,1409188000.0,197858000.0,-60393000.0,-82132000.0,,555965000.0,21046000.0
FFIV,2011-03-31,False,Q2,2011,10-Q,277572000.0,83214000.0,55575000.0,0.69,0.68,0.0,1538523000.0,690839000.0,342085000.0,206215000.0,1112303000.0,194368000.0,-110699000.0,-46022000.0,,234700000.0,11704000.0
FFIV,2010-06-30,False,Q3,2010,10-Q,230474000.0,60129000.0,40495000.0,0.51,0.5,0.0,1267273000.0,560086000.0,259308000.0,143813000.0,941602000.0,227221000.0,-183515000.0,-9243000.0,,233526000.0,10119000.0
FFIV,2012-03-31,False,Q2,2012,10-Q,339622000.0,104680000.0,68641000.0,0.87,0.86,0.0,1758271000.0,746518000.0,433886000.0,209459000.0,1217218000.0,233483000.0,-171641000.0,-69227000.0,,347901000.0,12818000.0
FFIV,2011-06-30,False,Q3,2011,10-Q,290713000.0,88261000.0,62549000.0,0.77,0.77,0.0,1597134000.0,797228000.0,349017000.0,299804000.0,1165168000.0,295444000.0,-84076000.0,-80174000.0,,234700000.0,20544000.0
FFIV,2012-12-31,False,Q1,2013,10-Q,365451000.0,109084000.0,69493000.0,0.88,0.88,0.0,2037652000.0,791789000.0,529578000.0,184563000.0,1386299000.0,144806000.0,-133417000.0,-37914000.0,,348239000.0,7788000.0
FFIV,2010-09-30,False,FY,2010,10-K,881972000.0,230002000.0,151153000.0,1.9,1.86,0.0,1362192000.0,605955000.0,287085000.0,168754000.0,1003698000.0,313612000.0,-238223000.0,-16798000.0,,234700000.0,12625000.0
FFIV,2013-03-31,False,Q2,2013,10-Q,350232000.0,92476000.0,63412000.0,0.81,0.8,0.0,2065909000.0,804424000.0,520744000.0,229662000.0,1428179000.0,225468000.0,-120082000.0,-85565000.0,,447799000.0,14769000.0
FFIV,2013-06-30,False,Q3,2013,10-Q,370302000.0,104077000.0,68178000.0,0.87,0.86,0.0,2147803000.0,834309000.0,529948000.0,198280000.0,1488186000.0,351698000.0,-244070000.0,-116939000.0,,447799000.0,21434000.0
FFIV,2012-06-30,False,Q3,2012,10-Q,352634000.0,110000000.0,72336000.0,0.91,0.91,0.0,1838066000.0,782887000.0,446640000.0,195607000.0,1282168000.0,346882000.0,-267123000.0,-100408000.0,,347901000.0,18544000.0
FFIV,2012-09-30,False,FY,2012,10-K,1377247000.0,426303000.0,275186000.0,3.48,3.45,0.0,1911201000.0,776081000.0,466029000.0,211181000.0,1329400000.0,495437000.0,-352279000.0,-149231000.0,,348239000.0,29867000.0
FFIV,2013-09-30,False,FY,2013,10-K,1481314000.0,430818000.0,277314000.0,3.53,3.5,0.0,2230554000.0,816371000.0,551350000.0,189693000.0,1538712000.0,499693000.0,-352470000.0,-166318000.0,,523727000.0,26583000.0
FFIV,2011-09-30,False,FY,2011,10-K,1151834000.0,350662000.0,241397000.0,2.99,2.96,0.0,1568549000.0,763673000.0,372307000.0,216784000.0,1105436000.0,416938000.0,-139719000.0,-226664000.0,,234691000.0,30445000.0
FFIV,2013-12-31,False,Q1,2014,10-Q,406452000.0,109133000.0,68048000.0,0.88,0.87,0.0,2214839000.0,870943000.0,613971000.0,231328000.0,1454070000.0,158926000.0,70166000.0,-186630000.0,,523727000.0,4980000.0
FFIV,2014-06-30,False,Q3,2014,10-Q,440285000.0,126079000.0,79473000.0,1.06,1.05,0.0,2175485000.0,945123000.0,611220000.0,241973000.0,1400714000.0,379127000.0,130325000.0,-457140000.0,,556957000.0,15636000.0
FFIV,2015-12-31,False,Q1,2016,10-Q,489486000.0,130949000.0,89716000.0,1.29,1.28,0.0,2316081000.0,1208133000.0,802583000.0,433297000.0,1262528000.0,203871000.0,19485000.0,-180367000.0,,555965000.0,13292000.0
FFIV,2014-12-31,False,Q1,2015,10-Q,462793000.0,132315000.0,89076000.0,1.21,1.21,0.0,2236424000.0,1026857000.0,695624000.0,268954000.0,1355777000.0,186395000.0,-65542000.0,-130769000.0,,556957000.0,10319000.0
FFIV,2014-03-31,False,Q2,2014,10-Q,420043000.0,110864000.0,69641000.0,0.92,0.91,0.0,2166200000.0,950419000.0,597843000.0,239836000.0,1414939000.0,240893000.0,140805000.0,-331275000.0,,517611000.0,10119000.0
FFIV,2014-09-30,False,FY,2014,10-K,1732046000.0,493557000.0,311183000.0,4.13,4.09,0.0,2184950000.0,998848000.0,636981000.0,281502000.0,1369310000.0,548992000.0,150641000.0,-604960000.0,,556957000.0,22718000.0
FFIV,2015-06-30,False,Q3,2015,10-Q,483586000.0,140130000.0,93172000.0,1.3,1.29,0.0,2262351000.0,1185508000.0,717447000.0,562180000.0,1327102000.0,501198000.0,194278000.0,-409826000.0,,556957000.0,41715000.0
FFIV,2015-03-31,False,Q2,2015,10-Q,472143000.0,132855000.0,85729000.0,1.19,1.18,0.0,2221279000.0,1052124000.0,697726000.0,367605000.0,1321396000.0,328691000.0,49095000.0,-286022000.0,,556957000.0,20502000.0
FFIV,2015-09-30,False,FY,2015,10-K,1919823000.0,552899000.0,365014000.0,5.07,5.03,0.0,2312290000.0,1188140000.0,755123000.0,390460000.0,1316728000.0,684541000.0,-10699000.0,-556902000.0,,555965000.0,60307000.0
FFIV,2016-06-30,False,Q3,2016,10-Q,496522000.0,138862000.0,91789000.0,1.37,1.37,0.0,2253783000.0,1207963000.0,799410000.0,429597000.0,1187065000.0,507465000.0,33385000.0,-503657000.0,,555965000.0,45909000.0
FFIV,2016-03-31,False,Q2,2016,10-Q,483677000.0,114933000.0,75415000.0,1.12,1.11,0.0,2242140000.0,1193981000.0,800435000.0,398325000.0,1180994000.0,336989000.0,48947000.0,-380105000.0,,555965000.0,29793000.0
FFIV,2017-06-30,False,Q3,2017,10-Q,517837000.0,139144000.0,97662000.0,1.53,1.52,0.0,2418572000.0,1445901000.0,909341000.0,690912000.0,1204607000.0,527216000.0,47087000.0,-396635000.0,,555965000.0,31175000.0
FFIV,2016-12-31,False,Q1,2017,10-Q,515958000.0,137454000.0,94218000.0,1.45,1.44,0.0,2397095000.0,1427496000.0,918683000.0,572934000.0,1194993000.0,189312000.0,-129000.0,-128245000.0,,555965000.0,14133000.0
FFIV,2017-09-30,False,FY,2017,10-K,2090041000.0,563956000.0,420761000.0,6.56,6.5,0.0,2480800000.0,1459308000.0,934601000.0,673228000.0,1229392000.0,740281000.0,-32285000.0,-546032000.0,,555965000.0,38681000.0
FFIV,2017-12-31,False,Q1,2018,10-Q,523191000.0,141997000.0,88429000.0,1.42,1.41,0.0,2493739000.0,1380817000.0,945276000.0,611996000.0,1227178000.0,189957000.0,-121125000.0,-130110000.0,,555965000.0,6491000.0
FFIV,2017-03-31,False,Q2,2017,10-Q,518248000.0,138523000.0,93138000.0,1.44,1.43,0.0,2387917000.0,1444843000.0,916018000.0,655773000.0,1184605000.0,364652000.0,54410000.0,-275935000.0,,555965000.0,23715000.0
FFIV,2016-09-30,False,FY,2016,10-K,1995034000.0,547377000.0,365855000.0,5.43,5.38,0.0,2306323000.0,1288801000.0,844238000.0,514571000.0,1185262000.0,711535000.0,62720000.0,-652647000.0,,555965000.0,63488000.0
FFIV,2018-06-30,False,Q3,2018,10-Q,542203000.0,151953000.0,122743000.0,2.01,1.99,0.0,2561066000.0,1469050000.0,943925000.0,599268000.0,1265975000.0,556763000.0,-227889000.0,-401246000.0,,555965000.0,36074000.0
FFIV,2018-09-30,False,FY,2018,10-K,2161407000.0,590899000.0,453689000.0,7.41,7.32,0.0,2605476000.0,1417658000.0,954433000.0,424707000.0,1285492000.0,761068000.0,-455987000.0,-551263000.0,,555965000.0,53465000.0
FFIV,2018-03-31,False,Q2,2018,10-Q,533304000.0,143357000.0,109636000.0,1.79,1.77,0.0,2517146000.0,1407229000.0,962171000.0,595917000.0,1226614000.0,374712000.0,-172470000.0,-280129000.0,,555965000.0,16246000.0
