symbol,end_date,amend,period_focus,fiscal_year,doc_type,revenues,op_income,net_income,eps_basic,eps_diluted,dividend,assets,cur_assets,cur_liab,cash,equity,cash_flow_op,cash_flow_inv,cash_flow_fin,debt,goodwill,cap_ex
FI,2013-06-30,False,Q2,2013,10-Q,292975000.0,103933000.0,141870000.0,0.85,0.85,0.0,1187824000.0,623456000.0,501472000.0,106007000.0,548884000.0,149954000.0,-40605000.0,-158771000.0,700000.0,13742000.0,87468000.0
FI,2015-03-31,False,Q1,2015,10-Q,277437000.0,55035000.0,34279000.0,0.22,0.21,0.15,1760115000.0,1094089000.0,201880000.0,498442000.0,1471441000.0,100129000.0,-43795000.0,-44187000.0,,14058000.0,43871000.0
FI,2014-03-31,False,Q1,2014,10-Q,264492000.0,74069000.0,41863000.0,0.27,0.27,0.075,1608627000.0,996785000.0,173439000.0,427898000.0,1381960000.0,77810000.0,-38051000.0,-16207000.0,,14667000.0,36902000.0
FI,2018-12-31,False,FY,2018,10-K,522493000.0,-92881000.0,-90733000.0,-0.41,-0.41,0.0,1193929000.0,492090000.0,129724000.0,186212000.0,1034772000.0,-32644000.0,10403000.0,-7946000.0,0.0,211040000.0,19734000.0
FI,2014-12-31,False,FY,2014,10-K,1152632000.0,314943000.0,159036000.0,1.03,1.03,0.45,1758681000.0,1107419000.0,207139000.0,489354000.0,1211990000.0,368860000.0,-173643000.0,-115750000.0,,14163000.0,172952000.0
FI,2014-06-30,False,Q2,2014,10-Q,272937000.0,62838000.0,35215000.0,0.23,0.23,0.0,1658054000.0,1033024000.0,181346000.0,443676000.0,1419454000.0,161945000.0,-76772000.0,-45290000.0,,14520000.0,77722000.0
FI,2013-12-31,False,FY,2013,10-K,1077722000.0,340671000.0,255462000.0,1.93,1.85,0.0,1561195000.0,971196000.0,175724000.0,404947000.0,1097432000.0,277431000.0,-137500000.0,110234000.0,,14814000.0,184504000.0
FI,2014-09-30,False,Q3,2014,10-Q,296183000.0,86273000.0,47346000.0,0.31,0.31,0.0,1705940000.0,1063079000.0,199163000.0,468388000.0,1450407000.0,273927000.0,-125073000.0,-82849000.0,,14278000.0,124187000.0
FI,2013-09-30,False,Q3,2013,10-Q,270102000.0,75193000.0,40814000.0,0.3,0.29,0.0,1507248000.0,966114000.0,195185000.0,449522000.0,1046423000.0,240157000.0,-79621000.0,133478000.0,,13742000.0,126763000.0
FI,2015-09-30,False,Q3,2015,10-Q,239883000.0,39097000.0,16565000.0,0.11,0.11,0.0,1736144000.0,1016528000.0,176308000.0,507053000.0,1465914000.0,295387000.0,-163966000.0,-117240000.0,,25770000.0,88296000.0
FI,2015-06-30,False,Q2,2015,10-Q,254304000.0,41309000.0,20828000.0,0.14,0.14,0.0,1744661000.0,1002877000.0,174210000.0,474745000.0,1477500000.0,215912000.0,-149305000.0,-79356000.0,,4900000.0,70843000.0
FI,2016-09-30,False,Q3,2016,10-Q,105114000.0,-48932000.0,-36982000.0,-0.21,-0.21,0.0,1526379000.0,830211000.0,121272000.0,529850000.0,1247933000.0,27846000.0,-17362000.0,-79831000.0,0.0,23846000.0,29777000.0
FI,2016-06-30,False,Q2,2016,10-Q,120946000.0,-50678000.0,-31399000.0,-0.2,-0.2,0.0,1573680000.0,906266000.0,139706000.0,581371000.0,1359372000.0,58037000.0,-17252000.0,-59997000.0,2100000.0,24300000.0,18371000.0
FI,2016-03-31,False,Q1,2016,10-Q,153486000.0,-2882000.0,-772000.0,0.0,0.0,0.15,1677834000.0,993255000.0,169759000.0,608798000.0,1427571000.0,46163000.0,-7823000.0,-31194000.0,4200000.0,24755000.0,8268000.0
FI,2015-12-31,False,FY,2015,10-K,974600000.0,143655000.0,79108000.0,0.51,0.5,0.6,1726838000.0,1023736000.0,189626000.0,602359000.0,1451426000.0,427758000.0,-174689000.0,-141209000.0,6900000.0,25210000.0,99723000.0
FI,2017-06-30,False,Q2,2017,10-Q,117659000.0,-33966000.0,-25950000.0,-0.12,-0.12,0.075,1493452000.0,593784000.0,101129000.0,274950000.0,1234493000.0,-7467000.0,-1659000.0,-34563000.0,0.0,192386000.0,15197000.0
FI,2017-09-30,False,Q3,2017,10-Q,108083000.0,-35080000.0,2296000.0,0.01,0.01,0.075,1357315000.0,578488000.0,105388000.0,233338000.0,1223483000.0,24585000.0,-57243000.0,-51634000.0,0.0,192386000.0,18604000.0
FI,2017-12-31,False,FY,2017,10-K,454795000.0,-214742000.0,-159457000.0,-0.72,-0.72,0.225,1261769000.0,511895000.0,118309000.0,213015000.0,1115901000.0,24774000.0,-77709000.0,-52471000.0,0.0,211040000.0,21905000.0
FI,2017-03-31,False,Q1,2017,10-Q,110731000.0,-36610000.0,-26663000.0,-0.12,-0.12,0.075,1541554000.0,616577000.0,103391000.0,283940000.0,1272543000.0,-9435000.0,-7244000.0,-18047000.0,0.0,192386000.0,11720000.0
FI,2018-03-31,False,Q1,2018,10-Q,115569000.0,-34907000.0,-42073000.0,-0.19,-0.19,0.0,1209306000.0,482994000.0,104341000.0,188779000.0,1076306000.0,-20909000.0,-143000.0,-1929000.0,0.0,211040000.0,6323000.0
FI,2018-06-30,False,Q2,2018,10-Q,132085000.0,-23782000.0,-25763000.0,-0.12,-0.12,0.0,1174980000.0,478244000.0,93904000.0,178764000.0,1052582000.0,-37862000.0,5157000.0,-3624000.0,0.0,211040000.0,11265000.0
FI,2018-09-30,False,Q3,2018,10-Q,128986000.0,-13591000.0,-6999000.0,-0.03,-0.03,0.0,1172402000.0,500829000.0,95041000.0,166127000.0,1049183000.0,-35394000.0,-9215000.0,-4636000.0,,211040000.0,14557000.0
FI,2016-12-31,False,FY,2016,10-K,487531000.0,-163362000.0,-135339000.0,-0.77,-0.77,0.45,1588061000.0,640049000.0,99379000.0,319526000.0,1311319000.0,-10831000.0,-178915000.0,-96765000.0,0.0,192400000.0,42127000.0
