symbol,end_date,amend,period_focus,fiscal_year,doc_type,revenues,op_income,net_income,eps_basic,eps_diluted,dividend,assets,cur_assets,cur_liab,cash,equity,cash_flow_op,cash_flow_inv,cash_flow_fin,debt,goodwill,cap_ex
FITB,2018-12-31,False,FY,2018,10-K,7973000000.0,,2118000000.0,3.11,3.06,0.74,146069000000.0,,,2681000000.0,16250000000.0,2856000000.0,-4141000000.0,1452000000.0,14426000000.0,2478000000.0,192000000.0
FITB,2010-09-30,False,Q3,2010,10-Q,1953000000.0,,175000000.0,0.22,0.22,0.0,112322000000.0,,,2215000000.0,13913000000.0,2291000000.0,1561000000.0,-3955000000.0,10953000000.0,2417000000.0,151000000.0
FITB,2010-06-30,False,Q2,2010,10-Q,1736000000.0,,130000000.0,0.16,0.16,0.0,112025000000.0,,,2216000000.0,13701000000.0,1244000000.0,2025000000.0,-3371000000.0,10989000000.0,2417000000.0,91000000.0
FITB,2010-03-31,False,Q1,2010,10-Q,1770000000.0,,-72000000.0,-0.09,-0.09,0.01,112651000000.0,,,2133000000.0,13408000000.0,910000000.0,740000000.0,-1835000000.0,10947000000.0,2417000000.0,42000000.0
FITB,2009-12-31,False,FY,2009,10-K,9450000000.0,,511000000.0,0.73,0.67,0.04,113380000000.0,,,2318000000.0,13497000000.0,3794000000.0,1076000000.0,-5291000000.0,10507000000.0,2417000000.0,173000000.0
FITB,2009-09-30,False,Q3,2009,10-Q,2020000000.0,,-159000000.0,-0.2,-0.2,0.0,110740000000.0,,,2130000000.0,13688000000.0,2471000000.0,5102000000.0,-8182000000.0,10162000000.0,2417000000.0,157000000.0
FITB,2009-06-30,False,Q2,2009,10-Q,3762000000.0,,856000000.0,1.35,1.15,0.0,115984000000.0,,,2899000000.0,13700000000.0,627000000.0,3043000000.0,-3510000000.0,10102000000.0,2417000000.0,95000000.0
FITB,2010-12-31,False,FY,2010,10-K,7218000000.0,,503000000.0,0.63,0.63,0.04,111007000000.0,,,2159000000.0,14080000000.0,3305000000.0,1708000000.0,-5172000000.0,9558000000.0,2417000000.0,224000000.0
FITB,2012-06-30,False,Q2,2012,10-Q,1705000000.0,,376000000.0,0.41,0.4,0.08,117543000000.0,,,2393000000.0,13824000000.0,2073000000.0,-2342000000.0,-1000000.0,9685000000.0,2417000000.0,193000000.0
FITB,2014-03-31,False,Q1,2014,10-Q,1557000000.0,,309000000.0,0.36,0.36,0.12,129654000000.0,,,3153000000.0,14864000000.0,340000000.0,-632000000.0,267000000.0,11233000000.0,2416000000.0,61000000.0
FITB,2013-12-31,False,FY,2013,10-K,7200000000.0,,1799000000.0,2.05,2.02,0.47,130443000000.0,,,3178000000.0,14626000000.0,4595000000.0,-10184000000.0,6326000000.0,9633000000.0,2416000000.0,274000000.0
FITB,2013-09-30,False,Q3,2013,10-Q,1713000000.0,,421000000.0,0.47,0.47,0.12,125673000000.0,,,2887000000.0,14680000000.0,3827000000.0,-5360000000.0,1979000000.0,8098000000.0,2416000000.0,198000000.0
FITB,2013-06-30,False,Q2,2013,10-Q,2044000000.0,,582000000.0,0.67,0.65,0.12,123360000000.0,,,2390000000.0,14277000000.0,2591000000.0,-1907000000.0,-735000000.0,6940000000.0,2416000000.0,138000000.0
FITB,2013-03-31,False,Q1,2013,10-Q,1738000000.0,,413000000.0,0.47,0.46,0.11,121382000000.0,,,2186000000.0,13920000000.0,1225000000.0,-316000000.0,-1164000000.0,8320000000.0,2416000000.0,61000000.0
FITB,2011-12-31,False,FY,2011,10-K,6673000000.0,,1094000000.0,1.2,1.18,0.28,116967000000.0,,,2663000000.0,13251000000.0,2366000000.0,-5285000000.0,3423000000.0,9682000000.0,2417000000.0,319000000.0
FITB,2012-12-31,False,FY,2012,10-K,7106000000.0,,1541000000.0,1.69,1.66,0.36,121894000000.0,,,2441000000.0,13764000000.0,2557000000.0,-6533000000.0,3754000000.0,7085000000.0,2416000000.0,362000000.0
FITB,2011-09-30,False,Q3,2011,10-Q,1720000000.0,,373000000.0,0.41,0.4,0.0,114905000000.0,,,2348000000.0,13058000000.0,2659000000.0,-4129000000.0,1659000000.0,9800000000.0,2417000000.0,218000000.0
FITB,2011-03-31,False,Q1,2011,10-Q,1644000000.0,,88000000.0,0.1,0.1,0.06,110485000000.0,,,2121000000.0,12192000000.0,1883000000.0,-1305000000.0,-616000000.0,10555000000.0,2417000000.0,57000000.0
FITB,2011-06-30,False,Q2,2011,10-Q,1701000000.0,,328000000.0,0.36,0.35,0.0,110805000000.0,,,2380000000.0,12601000000.0,2894000000.0,-1291000000.0,-1382000000.0,10152000000.0,2417000000.0,119000000.0
FITB,2012-09-30,False,Q3,2012,10-Q,1694000000.0,,354000000.0,0.39,0.38,0.1,117483000000.0,,,2490000000.0,13769000000.0,2736000000.0,-2311000000.0,-598000000.0,8127000000.0,2417000000.0,271000000.0
FITB,2012-03-31,False,Q1,2012,10-Q,1809000000.0,,421000000.0,0.46,0.45,0.08,116747000000.0,,,2235000000.0,13610000000.0,1895000000.0,-1988000000.0,-335000000.0,9648000000.0,2417000000.0,95000000.0
FITB,2016-06-30,False,Q2,2016,10-Q,1645000000.0,,310000000.0,0.4,0.4,0.13,143625000000.0,,,2359000000.0,16754000000.0,702000000.0,-2264000000.0,1381000000.0,16231000000.0,2416000000.0,87000000.0
FITB,2016-03-31,False,Q1,2016,10-Q,1675000000.0,,312000000.0,0.4,0.4,0.13,142430000000.0,,,2298000000.0,16355000000.0,395000000.0,-1184000000.0,547000000.0,15305000000.0,2416000000.0,41000000.0
FITB,2014-09-30,False,Q3,2014,10-Q,1538000000.0,,328000000.0,0.39,0.39,0.13,134188000000.0,,,3125000000.0,15443000000.0,1555000000.0,-4920000000.0,3312000000.0,14336000000.0,2416000000.0,156000000.0
FITB,2014-06-30,False,Q2,2014,10-Q,1744000000.0,,416000000.0,0.49,0.49,0.13,132562000000.0,,,3312000000.0,15508000000.0,965000000.0,-3184000000.0,2353000000.0,13961000000.0,2416000000.0,107000000.0
FITB,2015-12-31,False,FY,2015,10-K,7031000000.0,,1637000000.0,2.03,2.01,0.52,141082000000.0,,,2540000000.0,15870000000.0,2418000000.0,-3931000000.0,962000000.0,15844000000.0,2416000000.0,164000000.0
FITB,2015-09-30,False,Q3,2015,10-Q,1739000000.0,,366000000.0,0.46,0.45,0.13,141918000000.0,,,2455000000.0,15858000000.0,1517000000.0,-4170000000.0,2017000000.0,15527000000.0,2416000000.0,118000000.0
FITB,2015-06-30,False,Q2,2015,10-Q,1559000000.0,,292000000.0,0.36,0.36,0.13,141658000000.0,,,2785000000.0,15638000000.0,950000000.0,-3119000000.0,1863000000.0,13521000000.0,2416000000.0,78000000.0
FITB,2015-03-31,False,Q1,2015,10-Q,1600000000.0,,346000000.0,0.42,0.42,0.13,140470000000.0,,,2920000000.0,15904000000.0,503000000.0,-1031000000.0,357000000.0,14055000000.0,2416000000.0,45000000.0
FITB,2014-12-31,False,FY,2014,10-K,6503000000.0,,1414000000.0,1.68,1.66,0.51,138706000000.0,,,3091000000.0,15665000000.0,2076000000.0,-8938000000.0,6775000000.0,14967000000.0,2416000000.0,216000000.0
FITB,2017-09-30,False,Q3,2017,10-Q,2713000000.0,,999000000.0,1.37,1.35,0.16,142264000000.0,,,2205000000.0,16380000000.0,1236000000.0,906000000.0,-2329000000.0,14039000000.0,2423000000.0,155000000.0
FITB,2017-06-30,False,Q2,2017,10-Q,1670000000.0,,344000000.0,0.46,0.45,0.14,141067000000.0,,,2203000000.0,16446000000.0,648000000.0,844000000.0,-1681000000.0,13456000000.0,2423000000.0,111000000.0
FITB,2017-03-31,False,Q1,2017,10-Q,1609000000.0,,290000000.0,0.38,0.38,0.14,140200000000.0,,,2205000000.0,16457000000.0,536000000.0,1307000000.0,-2030000000.0,13658000000.0,2419000000.0,52000000.0
FITB,2016-12-31,False,FY,2016,10-K,6889000000.0,,1489000000.0,1.95,1.93,0.53,142177000000.0,,,2392000000.0,16232000000.0,2114000000.0,-2887000000.0,625000000.0,14388000000.0,2416000000.0,186000000.0
FITB,2016-09-30,False,Q3,2016,10-Q,1897000000.0,,501000000.0,0.66,0.65,0.13,143279000000.0,,,2164000000.0,16804000000.0,1200000000.0,-2207000000.0,631000000.0,16890000000.0,2416000000.0,148000000.0
FITB,2018-09-30,False,Q3,2018,10-Q,1878000000.0,,418000000.0,0.62,0.61,0.18,141685000000.0,,,2100000000.0,15850000000.0,1927000000.0,-901000000.0,-1440000000.0,14460000000.0,2462000000.0,145000000.0
FITB,2018-06-30,False,Q2,2018,10-Q,2012000000.0,,563000000.0,0.81,0.8,0.18,140695000000.0,,,2052000000.0,16252000000.0,1293000000.0,484000000.0,-2239000000.0,14321000000.0,2462000000.0,98000000.0
FITB,2018-03-31,False,Q1,2018,10-Q,2115000000.0,,689000000.0,0.99,0.97,0.16,141500000000.0,,,2038000000.0,16204000000.0,265000000.0,163000000.0,-904000000.0,14800000000.0,2462000000.0,48000000.0
FITB,2017-12-31,False,FY,2017,10-K,7713000000.0,,2119000000.0,2.88,2.83,0.6,142193000000.0,,,2514000000.0,16385000000.0,1494000000.0,414000000.0,-1786000000.0,14904000000.0,2445000000.0,200000000.0
