symbol,end_date,amend,period_focus,fiscal_year,doc_type,revenues,op_income,net_income,eps_basic,eps_diluted,dividend,assets,cur_assets,cur_liab,cash,equity,cash_flow_op,cash_flow_inv,cash_flow_fin,debt,goodwill,cap_ex
FLS,2012-06-30,False,Q2,2012,10-Q,1182225000.0,164796000.0,107316000.0,1.99,1.98,0.36,4605883000.0,2617647000.0,1752590000.0,175213000.0,1997604000.0,60375000.0,-54599000.0,-167168000.0,796775000.0,1042410000.0,56885000.0
FLS,2012-03-31,False,Q1,2012,10-Q,1074980000.0,142523000.0,93125000.0,1.71,1.69,0.36,4618410000.0,2606223000.0,1379820000.0,172694000.0,2366652000.0,-107891000.0,-26514000.0,-34566000.0,499421000.0,1057372000.0,28686000.0
FLS,2011-06-30,False,Q2,2011,10-Q,1125752000.0,140106000.0,98732000.0,1.77,1.76,0.32,4563276000.0,2589622000.0,1334289000.0,221312000.0,2331460000.0,-237795000.0,-45653000.0,-62909000.0,520160000.0,1035372000.0,48498000.0
FLS,2011-09-30,False,Q3,2011,10-Q,1121813000.0,154957000.0,107771000.0,1.94,1.92,0.32,4480505000.0,2577466000.0,1298066000.0,227885000.0,2306869000.0,-150085000.0,-68524000.0,-110036000.0,507888000.0,1013526000.0,71164000.0
FLS,2010-09-30,False,Q3,2010,10-Q,971681000.0,129196000.0,103919000.0,1.86,1.84,0.29,4229824000.0,2334225000.0,1268249000.0,310613000.0,2023088000.0,-16619000.0,-234751000.0,-68374000.0,,1007799000.0,46429000.0
FLS,2010-12-31,False,FY,2010,10-K,4032036000.0,581352000.0,388290000.0,6.96,6.88,1.16,4459910000.0,2523744000.0,1456375000.0,557579000.0,2113033000.0,355775000.0,-286717000.0,-142913000.0,,1012530000.0,102002000.0
FLS,2012-09-30,False,Q3,2012,10-Q,1165923000.0,165706000.0,106296000.0,2.09,2.07,0.36,4743748000.0,2721070000.0,1410439000.0,217420000.0,2027225000.0,122564000.0,-80528000.0,-164913000.0,927996000.0,1047729000.0,84180000.0
FLS,2011-03-31,False,Q1,2011,10-Q,997207000.0,130253000.0,96982000.0,1.74,1.72,0.32,4449534000.0,2493220000.0,1323895000.0,288858000.0,2227854000.0,-228187000.0,-20728000.0,-27531000.0,,1027178000.0,23501000.0
FLS,2014-03-31,False,Q1,2014,10-Q,1068136000.0,164326000.0,107734000.0,0.78,0.78,0.16,4759408000.0,2607267000.0,1314010000.0,164416000.0,1862873000.0,-84665000.0,15443000.0,-129215000.0,1192332000.0,1101434000.0,31663000.0
FLS,2011-12-31,False,FY,2011,10-K,4510201000.0,618677000.0,428582000.0,7.72,7.64,1.28,4622614000.0,2628354000.0,1470321000.0,337356000.0,2278230000.0,218213000.0,-194203000.0,-238956000.0,505216000.0,1045077000.0,107967000.0
FLS,2013-09-30,False,Q3,2013,10-Q,1229057000.0,193388000.0,126271000.0,0.9,0.9,0.14,4696194000.0,2626651000.0,1594249000.0,113751000.0,1810467000.0,108888000.0,-57636000.0,-237009000.0,1108158000.0,1058802000.0,94702000.0
FLS,2013-03-31,False,Q1,2013,10-Q,1096596000.0,170479000.0,97789000.0,2.03,2.01,0.42,4668294000.0,2633838000.0,1563126000.0,169437000.0,1787760000.0,-108070000.0,2051000.0,-25382000.0,1069654000.0,1042741000.0,34258000.0
FLS,2013-12-31,False,FY,2013,10-K,4954619000.0,760283000.0,485530000.0,3.43,3.41,0.56,5036733000.0,2847382000.0,1558099000.0,363804000.0,1877121000.0,487759000.0,-167998000.0,-255824000.0,1200297000.0,1107551000.0,139090000.0
FLS,2012-12-31,False,FY,2012,10-K,4751339000.0,675778000.0,448339000.0,8.58,8.51,1.44,4810958000.0,2740216000.0,1590625000.0,304252000.0,1894475000.0,517130000.0,-126427000.0,-428922000.0,928594000.0,1053852000.0,135539000.0
FLS,2013-06-30,False,Q2,2013,10-Q,1239526000.0,183521000.0,120386000.0,0.85,0.84,0.14,4638143000.0,2611866000.0,1620090000.0,104712000.0,1721949000.0,-32826000.0,-24726000.0,-135983000.0,1127084000.0,1045958000.0,61159000.0
FLS,2009-06-30,False,Q2,2009,10-Q,1090399000.0,158753000.0,108218000.0,1.94,1.92,0.27,3953335000.0,2221050000.0,1342964000.0,251538000.0,1581554000.0,-77047000.0,-92630000.0,-46262000.0,,863309000.0,64261000.0
FLS,2009-09-30,False,Q3,2009,10-Q,1051064000.0,161205000.0,116944000.0,2.1,2.07,0.27,4017027000.0,2267793000.0,1316342000.0,291225000.0,1720575000.0,4541000.0,-117817000.0,-72315000.0,,865437000.0,87067000.0
FLS,2010-03-31,False,Q1,2010,10-Q,958906000.0,142174000.0,80220000.0,1.44,1.42,0.29,4069041000.0,2358390000.0,1262985000.0,468356000.0,1826195000.0,-148959000.0,-6970000.0,-13179000.0,,857463000.0,14933000.0
FLS,2009-12-31,False,FY,2009,10-K,4365262000.0,629517000.0,427887000.0,7.66,7.59,1.08,4248894000.0,2499322000.0,1458083000.0,654320000.0,1801747000.0,431277000.0,-138642000.0,-107078000.0,,864927000.0,108448000.0
FLS,2010-06-30,False,Q2,2010,10-Q,961096000.0,146029000.0,91647000.0,1.64,1.62,0.29,3958565000.0,2293907000.0,1157495000.0,503502000.0,1840017000.0,-52696000.0,-17269000.0,-39198000.0,,850671000.0,25232000.0
FLS,2015-03-31,False,Q1,2015,10-Q,1014620000.0,93376000.0,27666000.0,0.21,0.2,0.18,5251681000.0,2760338000.0,1340766000.0,333776000.0,1764142000.0,-93201000.0,-423863000.0,418875000.0,1679521000.0,1214919000.0,83967000.0
FLS,2014-06-30,False,Q2,2014,10-Q,1224378000.0,194315000.0,123513000.0,0.9,0.9,0.16,4886110000.0,2728990000.0,1350716000.0,143569000.0,1938743000.0,-11267000.0,-6072000.0,-200015000.0,1189559000.0,1101869000.0,53666000.0
FLS,2015-09-30,False,Q3,2015,10-Q,1096476000.0,167849000.0,93623000.0,0.71,0.7,0.18,5158255000.0,2649729000.0,1314279000.0,237842000.0,1704546000.0,131041000.0,-488083000.0,171189000.0,1678952000.0,1234858000.0,138532000.0
FLS,2015-06-30,False,Q2,2015,10-Q,1162247000.0,127577000.0,75008000.0,0.56,0.56,0.18,5312122000.0,2778940000.0,1365418000.0,315304000.0,1783913000.0,18064000.0,-453467000.0,316941000.0,1693515000.0,1236374000.0,113794000.0
FLS,2014-09-30,False,Q3,2014,10-Q,1204012000.0,192443000.0,128562000.0,0.94,0.93,0.16,4793774000.0,2673210000.0,1314605000.0,162869000.0,1923699000.0,126201000.0,-35184000.0,-277609000.0,1166758000.0,1079327000.0,83602000.0
FLS,2014-12-31,False,FY,2014,10-K,4877885000.0,789832000.0,518824000.0,3.79,3.76,0.64,4968020000.0,2794163000.0,1471875000.0,450350000.0,1941843000.0,570962000.0,-84083000.0,-367658000.0,1154922000.0,1067255000.0,132619000.0
FLS,2017-03-31,False,Q1,2017,10-Q,863626000.0,47016000.0,14823000.0,0.11,0.11,0.19,4696831000.0,2282133000.0,1099223000.0,325783000.0,1701863000.0,3927000.0,-15495000.0,-38826000.0,1568181000.0,1211153000.0,15862000.0
FLS,2016-09-30,False,Q3,2016,10-Q,943334000.0,-2806000.0,-20928000.0,-0.16,-0.16,0.19,4853602000.0,2382880000.0,1201739000.0,260870000.0,1713540000.0,58193000.0,-68907000.0,-101514000.0,1610889000.0,1229817000.0,64475000.0
FLS,2016-06-30,False,Q2,2015,10-Q,1026232000.0,98004000.0,62997000.0,0.48,0.48,0.19,4931672000.0,2423362000.0,1238602000.0,266013000.0,1762287000.0,3280000.0,-40549000.0,-68427000.0,1614213000.0,1227218000.0,36912000.0
FLS,2016-03-31,False,Q1,2015,10-Q,947248000.0,74410000.0,37859000.0,0.29,0.29,0.19,4981050000.0,2429189000.0,1279802000.0,310318000.0,1740986000.0,-7996000.0,-20111000.0,-35610000.0,1636016000.0,1240187000.0,20212000.0
FLS,2016-12-31,False,FY,2016,10-K,3991462000.0,277455000.0,145060000.0,1.11,1.11,0.76,4742762000.0,2331361000.0,1178141000.0,367162000.0,1669195000.0,227594000.0,-91469000.0,-130839000.0,1570623000.0,1205054000.0,89699000.0
FLS,2017-03-31,True,Q1,2017,10-Q,866318000.0,49809000.0,19050000.0,0.15,0.15,0.19,4664176000.0,2251778000.0,1098884000.0,325783000.0,1671899000.0,3927000.0,-15495000.0,-38826000.0,1568181000.0,1211153000.0,15862000.0
FLS,2015-12-31,False,FY,2015,10-K,4561030000.0,525568000.0,267669000.0,2.01,2.0,0.72,5103850000.0,2631792000.0,1359962000.0,366444000.0,1683733000.0,417092000.0,-525295000.0,61322000.0,1631270000.0,1223986000.0,181861000.0
FLS,2017-06-30,False,Q2,2017,10-Q,877063000.0,126143000.0,41878000.0,0.32,0.32,0.19,4795115000.0,2415555000.0,1146323000.0,505161000.0,1725788000.0,46600000.0,154774000.0,-82462000.0,1590827000.0,1202156000.0,29447000.0
FLS,2016-12-31,True,FY,2016,10-K,3990487000.0,267965000.0,132455000.0,1.02,1.01,0.76,4708923000.0,2297689000.0,1178438000.0,367162000.0,1637388000.0,240476000.0,-91469000.0,-143721000.0,1570623000.0,1205054000.0,89699000.0
FLS,2018-03-31,False,Q1,2018,10-Q,919954000.0,45425000.0,15143000.0,0.12,0.12,0.19,4770316000.0,2411313000.0,1052961000.0,535657000.0,1703547000.0,-120727000.0,-12890000.0,-46855000.0,1572907000.0,1231761000.0,13490000.0
FLS,2017-09-30,False,Q3,2017,10-Q,883380000.0,74019000.0,47605000.0,0.36,0.36,0.19,4834140000.0,2439010000.0,1148317000.0,502143000.0,1767629000.0,72360000.0,171132000.0,-136214000.0,1586692000.0,1211544000.0,40620000.0
FLS,2017-12-31,False,FY,2017,10-K,3660831000.0,335422000.0,2652000.0,0.02,0.02,0.76,4910474000.0,2558745000.0,1242908000.0,703445000.0,1670954000.0,311066000.0,176600000.0,-185353000.0,1575257000.0,1218188000.0,61602000.0
FLS,2018-06-30,False,Q2,2018,10-Q,1335300000.0,46711000.0,13220000.0,0.1,0.1,0.19,4650622000.0,2372991000.0,1052855000.0,517442000.0,1641551000.0,-56737000.0,-30839000.0,-87248000.0,1524870000.0,1206877000.0,31747000.0
FLS,2018-09-30,False,Q3,2018,10-Q,1354000000.0,62191000.0,28205000.0,0.22,0.21,0.19,4605064000.0,2324667000.0,1040080000.0,529942000.0,1630727000.0,26338000.0,-49577000.0,-133226000.0,1504015000.0,1203768000.0,49976000.0
FLS,2018-12-31,False,FY,2018,10-K,0.0,247538000.0,119671000.0,0.91,0.91,0.76,4616277000.0,2383145000.0,1080975000.0,619683000.0,1660780000.0,190831000.0,-81466000.0,-173284000.0,1483047000.0,1197640000.0,83993000.0
