symbol,end_date,amend,period_focus,fiscal_year,doc_type,revenues,op_income,net_income,eps_basic,eps_diluted,dividend,assets,cur_assets,cur_liab,cash,equity,cash_flow_op,cash_flow_inv,cash_flow_fin,debt,goodwill,cap_ex
FRAC,2018-12-31,False,FY,2018,10-K,2137006000.0,98010000.0,59331000.0,0.54,0.54,0.0,1054579000.0,332263000.0,220580000.0,80206000.0,487181000.0,350311000.0,-297506000.0,-68554000.0,17500000.0,132524000.0,277569000.0
FRAC,2018-03-31,False,Q1,2018,10-Q,513016000.0,14904000.0,-8243000.0,-0.07,-0.07,0.0,1046809000.0,389806000.0,253158000.0,95500000.0,510970000.0,34175000.0,-29829000.0,-4920000.0,282490000.0,134536000.0,27313000.0
FRAC,2017-03-31,False,Q1,2017,10-Q,240153000.0,-31764000.0,-72255000.0,-0.7,-0.7,0.0,627351000.0,243032000.0,133052000.0,85796000.0,336383000.0,-47406000.0,-7858000.0,92112000.0,7125000.0,50624000.0,10070000.0
FRAC,2017-06-30,False,Q2,2017,10-Q,323136000.0,-10319000.0,-11898000.0,-0.12,-0.12,0.0,642617000.0,259529000.0,157900000.0,75552000.0,327449000.0,-38087000.0,-26430000.0,91069000.0,6750000.0,50624000.0,27935000.0
FRAC,2017-09-30,False,Q3,2017,10-Q,477302000.0,11115000.0,4065000.0,0.04,0.04,0.0,1009227000.0,358839000.0,254151000.0,71729000.0,464953000.0,4614000.0,-202676000.0,220689000.0,12113000.0,144875000.0,84348000.0
FRAC,2018-06-30,False,Q2,2018,10-Q,578533000.0,44032000.0,30667000.0,0.28,0.27,0.0,1099005000.0,409354000.0,244141000.0,109525000.0,505381000.0,143425000.0,-130496000.0,587000.0,15750000.0,132524000.0,128178000.0
FRAC,2018-09-30,False,Q3,2018,10-Q,558908000.0,24926000.0,30779000.0,0.28,0.28,0.0,1114329000.0,367947000.0,251468000.0,82848000.0,512575000.0,251104000.0,-233477000.0,-30835000.0,14875000.0,132524000.0,211962000.0
FRAC,2017-12-31,False,FY,2017,10-K,1542081000.0,9269000.0,-36141000.0,-0.34,-0.34,0.0,1043116000.0,376094000.0,242154000.0,96120000.0,513092000.0,79691000.0,-250776000.0,218122000.0,283200000.0,134967000.0,141340000.0
