symbol,end_date,amend,period_focus,fiscal_year,doc_type,revenues,op_income,net_income,eps_basic,eps_diluted,dividend,assets,cur_assets,cur_liab,cash,equity,cash_flow_op,cash_flow_inv,cash_flow_fin,debt,goodwill,cap_ex
FRAN,2013-11-02,False,Q3,2013,10-Q,79632000.0,14591000.0,8671000.0,0.2,0.2,0.0,146200000.0,82240000.0,18935000.0,31842000.0,74711000.0,27433000.0,-15564000.0,-9904000.0,,,15646000.0
FRAN,2013-02-02,False,FY,2012,10-K,296373000.0,77940000.0,47061000.0,1.08,1.05,0.0,112595000.0,59106000.0,18446000.0,29877000.0,72057000.0,56999000.0,-23663000.0,-17505000.0,,,23663000.0
FRAN,2018-11-03,False,Q3,2018,10-Q,95375000.0,-23060000.0,-16223000.0,-0.47,-0.47,0.0,179466000.0,79112000.0,49700000.0,10720000.0,94769000.0,5802000.0,-21885000.0,-4528000.0,0.0,,21885000.0
FRAN,2012-10-27,False,Q3,2012,10-Q,71986000.0,17727000.0,10797000.0,0.25,0.24,0.0,96315000.0,48999000.0,18460000.0,12906000.0,55960000.0,32047000.0,-15370000.0,-17817000.0,,,15370000.0
FRAN,2012-01-28,False,FY,2011,10-K,204158000.0,43531000.0,22501000.0,0.53,0.52,0.0,72312000.0,36041000.0,18520000.0,14046000.0,16902000.0,46471000.0,-16858000.0,-28083000.0,,,16894000.0
FRAN,2014-02-01,False,FY,2013,10-K,340325000.0,74270000.0,44839000.0,1.03,1.02,0.0,150545000.0,82425000.0,20030000.0,37498000.0,78067000.0,50142000.0,-24535000.0,-17986000.0,,,24633000.0
FRAN,2013-08-03,False,Q2,2013,10-Q,89566000.0,24073000.0,14619000.0,0.33,0.33,0.0,142591000.0,80450000.0,14363000.0,39550000.0,100753000.0,20105000.0,-11619000.0,1187000.0,,,11622000.0
FRAN,2012-04-28,False,Q1,2012,10-Q,61322000.0,14658000.0,8742000.0,0.2,0.2,0.0,79932000.0,37458000.0,20947000.0,8221000.0,27740000.0,9433000.0,-6620000.0,-8638000.0,,,6620000.0
FRAN,2012-07-28,False,Q2,2012,10-Q,76365000.0,20885000.0,12652000.0,0.29,0.28,0.0,88751000.0,40708000.0,19244000.0,7312000.0,42581000.0,21560000.0,-13931000.0,-14363000.0,,,13931000.0
FRAN,2015-01-31,False,FY,2014,10-K,377497000.0,52774000.0,32108000.0,0.76,0.76,0.0,165545000.0,85899000.0,23454000.0,39071000.0,109214000.0,54444000.0,-24242000.0,-28629000.0,0.0,,24255000.0
FRAN,2014-11-01,False,Q3,2014,10-Q,87110000.0,11375000.0,7270000.0,0.17,0.17,0.0,157963000.0,77968000.0,21684000.0,22830000.0,102980000.0,30816000.0,-16772000.0,-28712000.0,0.0,,16785000.0
FRAN,2014-08-02,False,Q2,2014,10-Q,97319000.0,16662000.0,10307000.0,0.24,0.24,0.0,153965000.0,76648000.0,20468000.0,24861000.0,95400000.0,24283000.0,-13757000.0,-23163000.0,5000000.0,,13759000.0
FRAN,2015-08-01,False,Q2,2015,10-Q,106033000.0,15175000.0,9304000.0,0.22,0.22,0.0,190274000.0,102995000.0,26766000.0,48840000.0,126104000.0,24495000.0,-14956000.0,230000.0,0.0,,14959000.0
FRAN,2015-05-02,False,Q1,2015,10-Q,95011000.0,11890000.0,7241000.0,0.17,0.17,0.0,182675000.0,100207000.0,29979000.0,46119000.0,115957000.0,15596000.0,-8721000.0,173000.0,0.0,,8721000.0
FRAN,2011-10-29,False,Q3,2011,10-Q,50020000.0,8044000.0,4744000.0,0.11,0.11,0.0,72595000.0,39924000.0,14644000.0,14982000.0,7657000.0,29877000.0,-12201000.0,-15210000.0,,,12236000.0
FRAN,2013-05-04,False,Q1,2013,10-Q,78987000.0,18021000.0,10937000.0,0.25,0.24,0.0,133082000.0,73077000.0,22633000.0,33763000.0,84298000.0,12089000.0,-8517000.0,314000.0,,,8517000.0
FRAN,2014-05-03,False,Q1,2014,10-Q,85424000.0,14020000.0,8560000.0,0.2,0.2,0.0,150472000.0,75836000.0,19398000.0,25413000.0,83741000.0,9710000.0,-8078000.0,-13717000.0,,,8078000.0
FRAN,2015-10-31,False,Q3,2015,10-Q,103728000.0,11080000.0,6951000.0,0.16,0.16,0.0,193675000.0,106343000.0,30750000.0,42015000.0,125385000.0,30367000.0,-19838000.0,-7585000.0,0.0,,19850000.0
FRAN,2016-04-30,False,Q1,2016,10-Q,106113000.0,11464000.0,7081000.0,0.18,0.18,0.0,181286000.0,96742000.0,26032000.0,35421000.0,117723000.0,1899000.0,-5117000.0,-17585000.0,0.0,,5121000.0
FRAN,2016-01-30,False,FY,2015,10-K,439377000.0,62317000.0,38152000.0,0.91,0.91,0.0,193577000.0,110769000.0,30633000.0,56224000.0,126392000.0,62867000.0,-24264000.0,-21450000.0,0.0,,24276000.0
FRAN,2017-04-29,False,Q1,2017,10-Q,107689000.0,7402000.0,4333000.0,0.12,0.12,0.0,197422000.0,97090000.0,46390000.0,48101000.0,112771000.0,8700000.0,-4634000.0,-9167000.0,0.0,,4634000.0
FRAN,2018-08-04,False,Q2,2018,10-Q,113025000.0,830000.0,454000.0,0.01,0.01,0.0,187572000.0,85569000.0,41332000.0,23354000.0,110336000.0,10936000.0,-14436000.0,-4477000.0,,,14436000.0
FRAN,2018-05-05,False,Q1,2018,10-Q,100405000.0,-4520000.0,-3885000.0,-0.11,-0.11,0.0,186644000.0,85375000.0,39461000.0,21833000.0,109567000.0,3207000.0,-8725000.0,-3980000.0,0.0,,8725000.0
FRAN,2017-01-28,False,FY,2016,10-K,487188000.0,67925000.0,42001000.0,1.09,1.09,0.0,189593000.0,100075000.0,34966000.0,53202000.0,116535000.0,72171000.0,-21844000.0,-53349000.0,0.0,,21852000.0
FRAN,2016-10-29,False,Q3,2016,10-Q,119470000.0,15755000.0,9694000.0,0.26,0.26,0.0,177958000.0,89171000.0,33179000.0,24725000.0,105958000.0,35469000.0,-18658000.0,-48310000.0,0.0,,18666000.0
FRAN,2017-07-29,False,Q2,2017,10-Q,119707000.0,11939000.0,7263000.0,0.2,0.2,0.0,198286000.0,95183000.0,44719000.0,33298000.0,115442000.0,8454000.0,-12890000.0,-15468000.0,0.0,,12890000.0
FRAN,2016-07-30,False,Q2,2016,10-Q,115260000.0,17122000.0,10591000.0,0.27,0.27,0.0,169083000.0,82922000.0,30947000.0,26021000.0,99463000.0,25464000.0,-11141000.0,-44526000.0,0.0,,11149000.0
FRAN,2018-02-03,False,FY,2017,10-K,471678000.0,29962000.0,15561000.0,0.43,0.43,0.0,185240000.0,84503000.0,32455000.0,31331000.0,114448000.0,24825000.0,-26778000.0,-19918000.0,0.0,,26778000.0
FRAN,2017-10-28,False,Q3,2017,10-Q,105791000.0,455000.0,239000.0,0.01,0.01,0.0,191254000.0,86173000.0,41087000.0,19020000.0,111840000.0,3908000.0,-19121000.0,-18969000.0,0.0,,19121000.0
