symbol,end_date,amend,period_focus,fiscal_year,doc_type,revenues,op_income,net_income,eps_basic,eps_diluted,dividend,assets,cur_assets,cur_liab,cash,equity,cash_flow_op,cash_flow_inv,cash_flow_fin,debt,goodwill,cap_ex
FRT,2018-12-31,False,FY,2018,10-K,915436000.0,349721000.0,233865000.0,3.18,3.18,4.04,6289644000.0,,,64087000.0,2467330000.0,516688000.0,-192247000.0,-241309000.0,3229204000.0,,66138000.0
FRT,2011-06-30,False,Q2,2011,10-Q,136279000.0,57334000.0,34622000.0,0.55,0.55,0.0,3220668000.0,,,19848000.0,1263896000.0,118698000.0,-76760000.0,-37887000.0,209302000.0,,19031000.0
FRT,2011-09-30,False,Q3,2011,10-Q,137664000.0,56757000.0,46917000.0,0.74,0.74,0.0,3254848000.0,,,22070000.0,1323127000.0,172951000.0,-101313000.0,-65365000.0,178232000.0,,32316000.0
FRT,2010-09-30,False,Q3,2010,10-Q,134064000.0,56166000.0,29504000.0,0.48,0.48,0.0,3127159000.0,,,9174000.0,1186876000.0,179685000.0,-111305000.0,-194595000.0,47940000.0,,21873000.0
FRT,2012-06-30,False,Q2,2012,10-Q,147560000.0,61779000.0,32468000.0,0.51,0.51,0.0,3680929000.0,,,82774000.0,1266458000.0,149895000.0,-73348000.0,-61579000.0,300089000.0,,20290000.0
FRT,2012-03-31,False,FY,2012,10-Q,146289000.0,60547000.0,42851000.0,0.67,0.67,0.69,3668848000.0,,,69182000.0,1266286000.0,69457000.0,-39282000.0,-28799000.0,294685000.0,,12958000.0
FRT,2010-06-30,False,Q2,2010,10-Q,133835000.0,56155000.0,30979000.0,0.5,0.5,0.0,3103645000.0,,,23557000.0,1194405000.0,129345000.0,-61945000.0,-179232000.0,20997000.0,,9850000.0
FRT,2010-12-31,False,FY,2010,10-K,544674000.0,230474000.0,122249000.0,1.99,1.98,0.0,3159553000.0,,,15797000.0,1181130000.0,256735000.0,-187088000.0,-189239000.0,97881000.0,,38681000.0
FRT,2011-03-31,False,Q1,2011,10-Q,138481000.0,56754000.0,31051000.0,0.5,0.5,0.0,3217461000.0,,,10001000.0,1221669000.0,45999000.0,-52908000.0,1113000.0,212817000.0,,11208000.0
FRT,2012-09-30,False,Q3,2012,10-Q,157805000.0,67123000.0,38508000.0,0.6,0.6,0.0,3804339000.0,,,147680000.0,1311922000.0,209155000.0,-143435000.0,14154000.0,299618000.0,,33700000.0
FRT,2011-12-31,False,FY,2011,10-K,553059000.0,227697000.0,143376000.0,2.29,2.28,2.72,3659908000.0,,,67806000.0,1240604000.0,244711000.0,-196369000.0,3667000.0,2110410000.0,,50540000.0
FRT,2013-06-30,False,Q2,2013,10-Q,157947000.0,63913000.0,37404000.0,0.57,0.57,0.0,4085203000.0,,,108366000.0,1383787000.0,146696000.0,-158178000.0,82860000.0,299979000.0,,20014000.0
FRT,2013-03-31,False,Q1,2013,10-Q,157752000.0,62905000.0,34453000.0,0.53,0.53,0.73,3905932000.0,,,31274000.0,1333530000.0,67693000.0,-45675000.0,-27732000.0,299595000.0,,9460000.0
FRT,2012-12-31,False,FY,2012,10-K,608018000.0,255262000.0,151384000.0,2.36,2.35,2.84,3898565000.0,,,36988000.0,1310593000.0,296633000.0,-273558000.0,-53893000.0,2208602000.0,,51325000.0
FRT,2014-06-30,False,Q2,2014,10-Q,167947000.0,68361000.0,43410000.0,0.64,0.64,0.0,4431485000.0,,,41312000.0,1618056000.0,172069000.0,-190122000.0,-29562000.0,290765000.0,,20280000.0
FRT,2013-09-30,False,Q3,2013,10-Q,159030000.0,64701000.0,61962000.0,0.94,0.94,0.0,4159476000.0,,,127831000.0,1431110000.0,226728000.0,-201487000.0,65602000.0,299828000.0,,32200000.0
FRT,2015-03-31,False,Q1,2015,10-Q,184792000.0,72122000.0,46051000.0,0.67,0.67,0.87,4780750000.0,,,171437000.0,1691926000.0,81986000.0,-94945000.0,136445000.0,290577000.0,,10466000.0
FRT,2014-03-31,False,Q1,2014,10-Q,170828000.0,63444000.0,38618000.0,0.58,0.57,0.78,4405647000.0,,,75699000.0,1574268000.0,79162000.0,-88040000.0,-4350000.0,300910000.0,,9834000.0
FRT,2016-06-30,False,Q2,2016,10-Q,197981000.0,80135000.0,55806000.0,0.79,0.78,0.0,5188468000.0,,,18622000.0,2022986000.0,199236000.0,-300902000.0,99242000.0,383582000.0,,23594000.0
FRT,2015-09-30,False,Q3,2015,10-Q,185252000.0,75917000.0,52311000.0,0.75,0.75,0.0,4783803000.0,,,12864000.0,1777575000.0,261150000.0,-286479000.0,-9758000.0,290207000.0,,28125000.0
FRT,2015-06-30,False,Q2,2015,10-Q,181461000.0,76201000.0,43497000.0,0.63,0.63,0.0,4733838000.0,,,22175000.0,1741566000.0,173648000.0,-216351000.0,16927000.0,396911000.0,,20745000.0
FRT,2017-03-31,False,Q1,2017,10-Q,207389000.0,81544000.0,56055000.0,0.78,0.78,0.98,5656200000.0,,,20112000.0,2076802000.0,121066000.0,-278276000.0,153954000.0,496311000.0,,16366000.0
FRT,2013-12-31,False,FY,2013,10-K,637413000.0,254161000.0,162140000.0,2.47,2.46,3.02,4219294000.0,,,88927000.0,1471297000.0,314498000.0,-345198000.0,82639000.0,2321862000.0,,47069000.0
FRT,2016-09-30,False,Q3,2016,10-Q,201157000.0,80461000.0,58841000.0,0.82,0.82,0.0,5397337000.0,,,101281000.0,2071215000.0,288972000.0,-438417000.0,229680000.0,288489000.0,,40326000.0
FRT,2017-09-30,False,Q3,2017,10-Q,217953000.0,84497000.0,106600000.0,1.47,1.47,0.0,6221137000.0,,,22850000.0,2333791000.0,339638000.0,-708280000.0,368124000.0,320718000.0,,52875000.0
FRT,2015-12-31,False,FY,2015,10-K,744012000.0,300154000.0,209678000.0,3.04,3.03,3.62,4911709000.0,,,21046000.0,1781931000.0,359835000.0,-353763000.0,-32977000.0,2642366000.0,,46096000.0
FRT,2016-03-31,False,Q1,2016,10-Q,198344000.0,76922000.0,76820000.0,1.1,1.1,0.94,5125457000.0,,,19716000.0,1968941000.0,100508000.0,-201687000.0,99849000.0,341620000.0,,12377000.0
FRT,2014-09-30,False,Q3,2014,10-Q,170938000.0,67622000.0,46939000.0,0.69,0.69,0.0,4479398000.0,,,23917000.0,1661599000.0,241846000.0,-280924000.0,-25932000.0,301556000.0,,33381000.0
FRT,2014-12-31,False,FY,2014,10-K,686090000.0,271037000.0,163994000.0,2.42,2.41,3.3,4546870000.0,,,47951000.0,1692556000.0,346130000.0,-396150000.0,9044000.0,2409677000.0,,46304000.0
FRT,2018-03-31,False,Q1,2018,10-Q,225405000.0,86145000.0,59237000.0,0.81,0.81,1.0,6293625000.0,,,64407000.0,2373110000.0,124180000.0,-46178000.0,-29502000.0,382396000.0,,20194000.0
FRT,2017-06-30,False,Q2,2017,10-Q,208049000.0,83090000.0,76156000.0,1.05,1.05,0.0,5803503000.0,,,96326000.0,2086677000.0,241829000.0,-389979000.0,221108000.0,279316000.0,,33622000.0
FRT,2016-12-31,False,FY,2016,10-K,801591000.0,320995000.0,249369000.0,3.51,3.5,3.84,5423279000.0,,,23368000.0,2075835000.0,419254000.0,-590221000.0,173289000.0,2798452000.0,,57560000.0
FRT,2017-12-31,False,FY,2017,10-K,857348000.0,332288000.0,287456000.0,3.97,3.97,3.96,6275755000.0,,,15188000.0,2391514000.0,459177000.0,-836802000.0,369445000.0,3284766000.0,,76952000.0
FRT,2018-09-30,False,Q3,2018,10-Q,229753000.0,90342000.0,60548000.0,0.82,0.82,0.0,6285664000.0,,,41872000.0,2433439000.0,364716000.0,-111773000.0,-183342000.0,305483000.0,,50744000.0
FRT,2018-06-30,False,Q2,2018,10-Q,224902000.0,89896000.0,61584000.0,0.84,0.84,0.0,6302703000.0,,,56116000.0,2387592000.0,263111000.0,-78695000.0,-100654000.0,368389000.0,,35654000.0
