symbol,end_date,amend,period_focus,fiscal_year,doc_type,revenues,op_income,net_income,eps_basic,eps_diluted,dividend,assets,cur_assets,cur_liab,cash,equity,cash_flow_op,cash_flow_inv,cash_flow_fin,debt,goodwill,cap_ex
FTEK,2018-09-30,False,Q3,2018,10-Q,21299000.0,1046000.0,1045000.0,0.04,0.04,0.0,50680000.0,40288000.0,17054000.0,4198000.0,33301000.0,-2664000.0,-391000.0,-12000.0,0.0,2116000.0,392000.0
FTEK,2011-12-31,False,FY,2011,10-K,93668000.0,9649000.0,6148000.0,0.26,0.25,0.0,112990000.0,66256000.0,22630000.0,28229000.0,89013000.0,4858000.0,-2406000.0,-4820000.0,76000.0,21051000.0,2408000.0
FTEK,2012-03-31,False,Q1,2012,10-Q,25212000.0,2492000.0,1543000.0,0.07,0.06,0.0,107114000.0,60299000.0,16826000.0,31055000.0,88926000.0,5475000.0,-788000.0,-1889000.0,76000.0,21051000.0,788000.0
FTEK,2012-06-30,False,Q2,2012,10-Q,20911000.0,188000.0,68000.0,0.0,0.0,0.0,100068000.0,53367000.0,14862000.0,24725000.0,83857000.0,5300000.0,-1726000.0,-7179000.0,76000.0,21051000.0,1726000.0
FTEK,2011-06-30,False,Q2,2011,10-Q,19021000.0,945000.0,430000.0,0.02,0.02,0.0,102850000.0,54792000.0,13707000.0,30647000.0,87576000.0,921000.0,-1240000.0,313000.0,76000.0,21051000.0,1242000.0
FTEK,2013-06-30,False,Q2,2013,10-Q,29092000.0,2128000.0,1236000.0,0.06,0.05,0.0,113072000.0,68807000.0,26898000.0,23113000.0,85473000.0,-492000.0,-1326000.0,448000.0,76000.0,21051000.0,1326000.0
FTEK,2012-09-30,False,Q3,2012,10-Q,24907000.0,1603000.0,1194000.0,0.05,0.05,0.0,104522000.0,58416000.0,19170000.0,24483000.0,84400000.0,6534000.0,-2071000.0,-7889000.0,76000.0,21051000.0,2071000.0
FTEK,2013-09-30,False,Q3,2013,10-Q,33555000.0,5335000.0,3480000.0,0.16,0.15,0.0,112177000.0,70778000.0,24362000.0,23672000.0,87015000.0,-616000.0,-1611000.0,1257000.0,76000.0,21051000.0,1611000.0
FTEK,2013-03-31,False,Q1,2013,10-Q,22484000.0,41000.0,-21000.0,0.0,0.0,0.0,103660000.0,58027000.0,18838000.0,15157000.0,84133000.0,-8400000.0,-555000.0,-101000.0,76000.0,21051000.0,555000.0
FTEK,2012-12-31,False,FY,2012,10-K,97644000.0,5200000.0,2776000.0,0.12,0.12,0.0,105897000.0,59864000.0,20946000.0,24453000.0,84236000.0,8667000.0,-2534000.0,-9115000.0,76000.0,21051000.0,2534000.0
FTEK,2011-09-30,False,Q3,2011,10-Q,24023000.0,2914000.0,2655000.0,0.11,0.11,0.0,107130000.0,60372000.0,18399000.0,28998000.0,87385000.0,3064000.0,-1698000.0,-2957000.0,76000.0,21051000.0,1700000.0
FTEK,2014-03-31,False,Q1,2014,10-Q,18661000.0,-1137000.0,-1086000.0,-0.05,-0.05,0.0,107525000.0,67139000.0,18914000.0,24918000.0,87397000.0,-1841000.0,-322000.0,-89000.0,76000.0,21051000.0,322000.0
FTEK,2015-03-31,False,Q1,2015,10-Q,15103000.0,-2409000.0,-1654000.0,-0.07,-0.07,0.0,86463000.0,54644000.0,15755000.0,18310000.0,70221000.0,1115000.0,-251000.0,-988000.0,0.0,2116000.0,276000.0
FTEK,2013-12-31,False,FY,2013,10-K,109338000.0,8000000.0,5101000.0,0.23,0.23,0.0,110058000.0,69265000.0,20646000.0,27738000.0,88623000.0,2842000.0,-1754000.0,2045000.0,76000.0,21051000.0,1754000.0
FTEK,2014-06-30,False,Q2,2014,10-Q,20190000.0,-671000.0,-720000.0,-0.03,-0.03,0.0,108189000.0,60329000.0,19794000.0,16906000.0,87742000.0,-1911000.0,-9272000.0,770000.0,76000.0,28519000.0,1193000.0
FTEK,2014-09-30,False,Q3,2014,10-Q,21482000.0,1441000.0,1192000.0,0.05,0.05,0.0,109942000.0,58314000.0,18868000.0,15543000.0,89233000.0,1403000.0,-13230000.0,37000.0,76000.0,26139000.0,3010000.0
FTEK,2016-06-30,False,Q2,2016,10-Q,15175000.0,-2302000.0,-2628000.0,-0.11,-0.11,0.0,68698000.0,46429000.0,13310000.0,12426000.0,54885000.0,-2199000.0,-301000.0,-7192000.0,0.0,2116000.0,302000.0
FTEK,2016-09-30,False,Q3,2016,10-Q,12596000.0,-2884000.0,-3019000.0,-0.13,-0.13,0.0,64831000.0,43369000.0,12022000.0,13332000.0,52408000.0,-2182000.0,-451000.0,-6192000.0,0.0,2116000.0,453000.0
FTEK,2015-06-30,False,Q2,2015,10-Q,18683000.0,-2246000.0,-1371000.0,-0.06,-0.06,0.0,84291000.0,54285000.0,15394000.0,14967000.0,68397000.0,-1307000.0,-357000.0,-1888000.0,0.0,2116000.0,383000.0
FTEK,2015-09-30,False,Q3,2015,10-Q,21677000.0,-795000.0,-289000.0,-0.01,-0.01,0.0,82933000.0,53661000.0,14456000.0,14398000.0,67950000.0,-1074000.0,-497000.0,-1875000.0,0.0,2116000.0,0.0
FTEK,2016-03-31,False,Q1,2016,10-Q,17822000.0,-2589000.0,-2637000.0,-0.11,-0.11,0.0,72779000.0,45993000.0,15199000.0,9383000.0,57070000.0,-5588000.0,-90000.0,-7073000.0,0.0,2116000.0,91000.0
FTEK,2017-09-30,False,Q3,2017,10-Q,13548000.0,-134000.0,-417000.0,-0.02,-0.02,0.0,50020000.0,32205000.0,14292000.0,6130000.0,35251000.0,-5535000.0,-510000.0,-258000.0,0.0,2116000.0,511000.0
FTEK,2017-06-30,False,Q2,2017,10-Q,9741000.0,-5601000.0,-6854000.0,-0.29,-0.29,0.0,49058000.0,31185000.0,13118000.0,6576000.0,35428000.0,-5252000.0,-232000.0,-258000.0,0.0,2116000.0,233000.0
FTEK,2015-12-31,False,FY,2015,10-K,73664000.0,-8257000.0,-12380000.0,-0.54,-0.54,0.0,76011000.0,52401000.0,16536000.0,21684000.0,58974000.0,6928000.0,-776000.0,-1875000.0,76000.0,2116000.0,0.0
FTEK,2017-03-31,False,Q1,2017,10-Q,8491000.0,-2507000.0,-2506000.0,-0.11,-0.11,0.0,52154000.0,35709000.0,10819000.0,10203000.0,40970000.0,-1620000.0,-97000.0,-23000.0,0.0,2116000.0,97000.0
FTEK,2014-12-31,False,FY,2014,10-K,79017000.0,-25163000.0,-17725000.0,-0.78,-0.01,0.0,91471000.0,58338000.0,18650000.0,18637000.0,72301000.0,5435000.0,-13897000.0,0.0,76000.0,2116000.0,3010000.0
FTEK,2018-03-31,False,Q1,2018,10-Q,12791000.0,-184000.0,-216000.0,-0.01,-0.01,0.0,48630000.0,32057000.0,13554000.0,5667000.0,34676000.0,-2561000.0,-60000.0,-11000.0,0.0,2116000.0,62000.0
FTEK,2018-06-30,False,Q2,2018,10-Q,14417000.0,-1619000.0,-1753000.0,-0.07,-0.07,0.0,46957000.0,36412000.0,14169000.0,3912000.0,32421000.0,-3512000.0,-212000.0,-13000.0,0.0,2116000.0,214000.0
FTEK,2016-12-31,False,FY,2016,10-K,55161000.0,-14824000.0,-17388000.0,-0.74,-0.74,0.0,57788000.0,40635000.0,14050000.0,11826000.0,43392000.0,-2738000.0,-938000.0,-6192000.0,76000.0,2116000.0,0.0
FTEK,2017-12-31,False,FY,2017,10-K,45166000.0,-7065000.0,-10983000.0,-0.46,-0.46,0.0,50484000.0,33748000.0,15723000.0,8366000.0,34341000.0,-3568000.0,-490000.0,-258000.0,0.0,2116000.0,492000.0
