symbol,end_date,amend,period_focus,fiscal_year,doc_type,revenues,op_income,net_income,eps_basic,eps_diluted,dividend,assets,cur_assets,cur_liab,cash,equity,cash_flow_op,cash_flow_inv,cash_flow_fin,debt,goodwill,cap_ex
FTK,2013-03-31,False,Q1,2013,10-Q,78243000.0,12548000.0,7765000.0,0.16,0.15,0.0,218483000.0,95370000.0,33799000.0,248000.0,162617000.0,8009000.0,-2995000.0,-7446000.0,0.0,26943000.0,4383000.0
FTK,2014-03-31,False,Q1,2014,10-Q,102575000.0,18798000.0,12018000.0,0.22,0.22,0.0,390516000.0,145734000.0,66481000.0,1664000.0,265779000.0,15505000.0,-8704000.0,-7718000.0,54973000.0,71583000.0,4115000.0
FTK,2011-06-30,False,Q2,2011,10-Q,55918000.0,7906000.0,2126000.0,0.05,0.04,0.0,193683000.0,94068000.0,25024000.0,15137000.0,54752000.0,-3390000.0,-1598000.0,287000.0,,26943000.0,3657000.0
FTK,2012-09-30,False,Q3,2012,10-Q,78628000.0,14593000.0,9806000.0,0.2,0.19,0.0,218135000.0,113765000.0,85170000.0,21909000.0,128928000.0,38457000.0,-11898000.0,-51316000.0,,26943000.0,15243000.0
FTK,2011-09-30,False,Q3,2011,10-Q,75058000.0,16105000.0,17917000.0,0.38,0.35,0.0,211028000.0,111278000.0,27684000.0,25495000.0,75034000.0,8122000.0,-2449000.0,79000.0,,26943000.0,5971000.0
FTK,2012-06-30,False,Q2,2012,10-Q,78303000.0,15589000.0,13178000.0,0.27,0.25,0.0,201678000.0,100083000.0,82336000.0,10725000.0,115326000.0,22073000.0,-6889000.0,-51113000.0,1990000.0,26943000.0,9478000.0
FTK,2014-06-30,False,Q2,2014,10-Q,105318000.0,17675000.0,11041000.0,0.2,0.2,0.0,408221000.0,162930000.0,69021000.0,2226000.0,280007000.0,18440000.0,-13562000.0,-5411000.0,56909000.0,72150000.0,9245000.0
FTK,2013-06-30,False,Q2,2013,10-Q,93586000.0,13531000.0,8440000.0,0.17,0.16,0.0,383110000.0,142959000.0,89338000.0,5503000.0,225150000.0,11483000.0,-59489000.0,50966000.0,48000000.0,66271000.0,9119000.0
FTK,2013-12-31,False,FY,2013,10-K,371065000.0,58726000.0,36178000.0,0.7,0.67,0.0,375581000.0,137661000.0,62564000.0,2730000.0,249752000.0,39548000.0,-62700000.0,23501000.0,62105000.0,66271000.0,15007000.0
FTK,2012-03-31,False,Q1,2012,10-Q,79195000.0,16748000.0,3606000.0,0.08,0.07,0.0,204192000.0,104905000.0,95390000.0,13342000.0,84207000.0,5715000.0,-2904000.0,-36164000.0,,26943000.0,4119000.0
FTK,2011-12-31,False,FY,2011,10-K,258785000.0,48888000.0,26540000.0,0.6,0.56,0.0,232012000.0,132061000.0,33699000.0,46682000.0,78298000.0,32423000.0,-4942000.0,-521000.0,,26943000.0,9984000.0
FTK,2013-09-30,False,Q3,2013,10-Q,98388000.0,15087000.0,8968000.0,0.17,0.16,0.0,380979000.0,144014000.0,76537000.0,4369000.0,237841000.0,21360000.0,-58786000.0,39274000.0,46000000.0,66271000.0,9985000.0
FTK,2014-09-30,False,Q3,2014,10-Q,116761000.0,20847000.0,14272000.0,0.26,0.26,0.0,412418000.0,169212000.0,58585000.0,5257000.0,297601000.0,39897000.0,-16656000.0,-20676000.0,41551000.0,71131000.0,13494000.0
FTK,2014-12-31,False,FY,2014,10-K,449157000.0,80888000.0,53603000.0,0.98,0.97,0.0,423276000.0,179599000.0,65542000.0,1266000.0,306354000.0,48822000.0,-21703000.0,-28440000.0,44041000.0,71131000.0,19907000.0
FTK,2012-12-31,False,FY,2012,10-K,312828000.0,58621000.0,49791000.0,1.03,0.97,0.0,219867000.0,96214000.0,41931000.0,2700000.0,154730000.0,49515000.0,-15200000.0,-78301000.0,31972000.0,26943000.0,20701000.0
FTK,2015-06-30,False,Q2,2015,10-Q,87030000.0,-18608000.0,-12547000.0,-0.23,-0.23,0.0,403393000.0,153102000.0,68854000.0,2475000.0,290175000.0,11460000.0,-8317000.0,-1770000.0,52159000.0,72820000.0,8963000.0
FTK,2016-03-31,False,Q1,2016,10-Q,72289000.0,-46013000.0,-30185000.0,-0.55,-0.55,0.0,364582000.0,154430000.0,80023000.0,2480000.0,266334000.0,-6552000.0,-3752000.0,10516000.0,61235000.0,72820000.0,4213000.0
FTK,2015-03-31,False,Q1,2015,10-Q,82373000.0,-1289000.0,-1515000.0,-0.03,-0.03,0.0,415007000.0,167746000.0,62356000.0,2499000.0,305741000.0,6458000.0,-5640000.0,655000.0,48030000.0,72820000.0,5590000.0
FTK,2017-09-30,False,Q3,2017,10-Q,79458000.0,-3103000.0,-3102000.0,-0.05,-0.05,0.0,349743000.0,149331000.0,76253000.0,4942000.0,273490000.0,1178000.0,11839000.0,-13039000.0,40589000.0,56660000.0,6155000.0
FTK,2015-09-30,False,Q3,2015,10-Q,87942000.0,2777000.0,1975000.0,0.04,0.04,0.0,400945000.0,152444000.0,62477000.0,2998000.0,295517000.0,17796000.0,-9537000.0,-5996000.0,47768000.0,72820000.0,11078000.0
FTK,2016-06-30,False,Q2,2016,10-Q,72319000.0,-2723000.0,-2280000.0,-0.04,-0.04,0.0,365344000.0,153599000.0,83486000.0,3840000.0,266648000.0,-3354000.0,-8303000.0,13236000.0,64912000.0,72820000.0,8956000.0
FTK,2016-09-30,False,Q3,2016,10-Q,73679000.0,-4295000.0,-2746000.0,-0.05,-0.05,0.0,382540000.0,160755000.0,72616000.0,3474000.0,300719000.0,-915000.0,-18679000.0,20805000.0,42562000.0,73682000.0,11621000.0
FTK,2017-06-30,False,Q2,2017,10-Q,85177000.0,-1252000.0,-3826000.0,-0.07,-0.07,0.0,359177000.0,159069000.0,82195000.0,3422000.0,276982000.0,-7243000.0,13045000.0,-7223000.0,42716000.0,56660000.0,4508000.0
FTK,2015-12-31,False,FY,2015,10-K,334359000.0,-19173000.0,-13462000.0,-0.25,-0.25,0.0,403090000.0,151742000.0,67003000.0,2208000.0,294009000.0,26671000.0,-18204000.0,-7349000.0,50546000.0,72820000.0,20468000.0
FTK,2017-03-31,False,Q1,2017,10-Q,79954000.0,-623000.0,-11978000.0,-0.2,-0.2,0.0,377050000.0,176293000.0,90766000.0,1826000.0,279201000.0,-2557000.0,-1803000.0,1337000.0,49686000.0,56660000.0,1877000.0
FTK,2018-03-31,False,Q1,2018,10-Q,60516000.0,-6785000.0,67000.0,0.0,0.0,0.0,338822000.0,141062000.0,71609000.0,2865000.0,267213000.0,-11753000.0,-1844000.0,11926000.0,39741000.0,56660000.0,1787000.0
FTK,2018-06-30,False,Q2,2018,10-Q,59086000.0,-46501000.0,-75034000.0,-1.3,-1.3,0.0,281043000.0,147864000.0,83867000.0,3096000.0,194300000.0,-19006000.0,-3352000.0,20944000.0,49126000.0,19480000.0,3227000.0
FTK,2018-09-30,False,Q3,2018,10-Q,70989000.0,-3222000.0,-3932000.0,-0.07,-0.07,0.0,293302000.0,160701000.0,97840000.0,1829000.0,192816000.0,-23901000.0,-4035000.0,25247000.0,53402000.0,19480000.0,4561000.0
FTK,2016-12-31,False,FY,2016,10-K,262832000.0,-7304000.0,-49130000.0,-0.88,-0.88,0.0,386588000.0,188670000.0,91054000.0,4823000.0,287701000.0,2054000.0,-22281000.0,22851000.0,48399000.0,56660000.0,13960000.0
FTK,2017-12-31,False,FY,2017,10-K,317098000.0,-2855000.0,-27395000.0,-0.48,-0.48,0.0,329888000.0,138451000.0,64630000.0,4584000.0,265258000.0,17131000.0,9740000.0,-27285000.0,27950000.0,56660000.0,8960000.0
