symbol,end_date,amend,period_focus,fiscal_year,doc_type,revenues,op_income,net_income,eps_basic,eps_diluted,dividend,assets,cur_assets,cur_liab,cash,equity,cash_flow_op,cash_flow_inv,cash_flow_fin,debt,goodwill,cap_ex
FUL,2011-12-03,False,FY,2011,10-K,1557552000.0,129044000.0,89105000.0,1.82,1.79,0.295,1227709000.0,596590000.0,254985000.0,156149000.0,705577000.0,102497000.0,-38719000.0,-42817000.0,203986000.0,114895000.0,36032000.0
FUL,2010-08-28,False,Q3,2010,10-Q,338568000.0,1041000.0,18978000.0,0.39,0.38,0.07,1178669000.0,551933000.0,234890000.0,140717000.0,599544000.0,27184000.0,-48266000.0,72526000.0,,106290000.0,24421000.0
FUL,2011-02-26,False,Q1,2011,10-Q,339548000.0,294000.0,14351000.0,0.29,0.29,0.07,1173721000.0,551025000.0,229704000.0,121938000.0,667201000.0,1467000.0,-5996000.0,-10859000.0,,112392000.0,6122000.0
FUL,2012-03-03,False,Q1,2012,10-Q,375262000.0,30775000.0,15305000.0,0.31,0.3,0.075,1255657000.0,627224000.0,269832000.0,149877000.0,727977000.0,2978000.0,-4585000.0,-4484000.0,,114819000.0,4740000.0
FUL,2011-08-27,False,Q3,2011,10-Q,387756000.0,32439000.0,23220000.0,0.47,0.47,0.075,1285548000.0,619137000.0,263979000.0,149133000.0,747893000.0,62102000.0,-27452000.0,-27421000.0,,121464000.0,23640000.0
FUL,2018-12-01,False,FY,2018,10-K,3041002000.0,254762000.0,171208000.0,3.38,3.29,0.615,4175271000.0,1087732000.0,546123000.0,150793000.0,1152168000.0,253312000.0,-61841000.0,-228601000.0,2232757000.0,1305171000.0,68263000.0
FUL,2013-06-01,False,Q2,2013,10-Q,519016000.0,52810000.0,25929000.0,0.52,0.51,0.1,1773853000.0,786036000.0,315634000.0,161185000.0,816799000.0,40711000.0,-48448000.0,-31049000.0,,252475000.0,48039000.0
FUL,2013-03-02,False,Q1,2013,10-Q,479842000.0,35736000.0,20677000.0,0.42,0.41,0.085,1765410000.0,780638000.0,321803000.0,163131000.0,800574000.0,-11484000.0,-17745000.0,-8740000.0,,251158000.0,19598000.0
FUL,2013-08-31,False,Q3,2013,10-Q,514579000.0,53903000.0,28269000.0,0.57,0.55,0.1,1800483000.0,781456000.0,324888000.0,160259000.0,839924000.0,89205000.0,-91689000.0,-38759000.0,,257360000.0,82549000.0
FUL,2011-05-28,False,Q2,2011,10-Q,393722000.0,-51000.0,25126000.0,0.51,0.5,0.075,1249859000.0,588860000.0,252194000.0,137609000.0,724143000.0,33940000.0,-20036000.0,-18681000.0,,120488000.0,14064000.0
FUL,2012-09-01,False,Q3,2012,10-Q,138027000.0,42969000.0,83268000.0,1.68,1.64,0.085,1747927000.0,799629000.0,349462000.0,207745000.0,793850000.0,65363000.0,-421671000.0,289536000.0,,241667000.0,18167000.0
FUL,2012-06-02,False,Q2,2012,10-Q,144435000.0,43595000.0,1936000.0,0.04,0.04,0.085,1735403000.0,786221000.0,426712000.0,154299000.0,701499000.0,34810000.0,-416877000.0,380908000.0,,228894000.0,12504000.0
FUL,2012-12-01,False,FY,2012,10-K,1886239000.0,162541000.0,125622000.0,2.53,2.48,0.33,1786320000.0,799344000.0,350119000.0,200436000.0,778698000.0,108641000.0,-446763000.0,273915000.0,497612000.0,254345000.0,35913000.0
FUL,2010-11-27,False,FY,2010,10-K,1356161000.0,2572000.0,70877000.0,1.46,1.43,0.278,1153457000.0,533617000.0,231333000.0,133277000.0,634390000.0,74068000.0,-60066000.0,24399000.0,,108970000.0,35910000.0
FUL,2014-03-01,False,Q1,2014,10-Q,13529000.0,36246000.0,14571000.0,0.29,0.28,0.1,1909107000.0,801499000.0,352100000.0,113047000.0,934008000.0,-17108000.0,-50269000.0,24550000.0,,265444000.0,50879000.0
FUL,2014-05-31,False,Q2,2014,10-Q,13999000.0,46283000.0,20537000.0,0.41,0.4,0.12,1960815000.0,832531000.0,368744000.0,95044000.0,954858000.0,-33840000.0,-80496000.0,54667000.0,,264389000.0,82142000.0
FUL,2013-11-30,False,FY,2013,10-K,2096840000.0,195502000.0,96761000.0,1.94,1.89,0.385,1873028000.0,794694000.0,360778000.0,155121000.0,930461000.0,132693000.0,-133154000.0,-48662000.0,472315000.0,263103000.0,124288000.0
FUL,2015-02-28,False,Q1,2015,10-Q,13576000.0,21373000.0,9795000.0,0.19,0.19,0.12,2097472000.0,779760000.0,350310000.0,71574000.0,867417000.0,66213000.0,-244716000.0,176086000.0,,396849000.0,28381000.0
FUL,2014-08-30,False,Q3,2014,10-Q,16070.0,28375.0,3987.0,0.08,0.08,0.12,1937518.0,813730.0,357085.0,75544.0,950792.0,-12557.0,-115583.0,48291.0,,258709.0,116213.0
FUL,2016-05-28,False,Q2,2016,10-Q,532514000.0,54572000.0,33331000.0,0.66,0.65,0.14,2066775000.0,824704000.0,394150000.0,146022000.0,924303000.0,82603000.0,-43973000.0,-12432000.0,,362522000.0,35720000.0
FUL,2016-02-27,False,Q1,2016,10-Q,474326000.0,37838000.0,18918000.0,0.38,0.37,0.13,2023336000.0,791060000.0,379086000.0,126771000.0,885413000.0,42561000.0,-22498000.0,-12572000.0,,354901000.0,23361000.0
FUL,2015-08-29,False,Q3,2015,10-Q,10494000.0,48543000.0,26807000.0,0.53,0.52,0.13,2068638000.0,792239000.0,325189000.0,85821000.0,904142000.0,153044000.0,-264681000.0,131661000.0,,386594000.0,48638000.0
FUL,2014-11-29,False,FY,2014,10-K,2162988000.0,149841000.0,49773000.0,1.0,0.97,0.46,1869006000.0,765136000.0,317199000.0,77569000.0,890450000.0,29734000.0,-160017000.0,54964000.0,547735000.0,255972000.0,139794000.0
FUL,2015-05-30,False,Q2,2015,10-Q,13645000.0,48355000.0,25172000.0,0.5,0.49,0.13,2090759000.0,794716000.0,357833000.0,79463000.0,890672000.0,116216000.0,-255416000.0,145784000.0,,401012000.0,38917000.0
FUL,2017-06-03,False,Q2,2017,10-Q,561651000.0,43268000.0,25867000.0,0.51,0.5,0.15,2200236000.0,850440000.0,325381000.0,94102000.0,991751000.0,32794000.0,-150791000.0,68355000.0,,434210000.0,27104000.0
FUL,2017-03-04,False,Q1,2017,10-Q,503323000.0,26081000.0,14795000.0,0.29,0.29,0.14,2169328000.0,831972000.0,325066000.0,116518000.0,949765000.0,16459000.0,-144345000.0,101825000.0,,423581000.0,19899000.0
FUL,2015-11-28,False,FY,2015,10-K,2083660000.0,170485000.0,86680000.0,1.72,1.69,0.51,2042252000.0,801051000.0,349525000.0,119168000.0,873326000.0,210529000.0,-258821000.0,104218000.0,692106000.0,354204000.0,58624000.0
FUL,2016-08-27,False,Q3,2016,10-Q,512858000.0,48429000.0,32745000.0,0.65,0.64,0.14,2080393000.0,803762000.0,383725000.0,133102000.0,956844000.0,145904000.0,-96464000.0,-31485000.0,,393251000.0,49569000.0
FUL,2018-03-03,False,Q1,2018,10-Q,713079000.0,36685000.0,47682000.0,0.94,0.92,0.15,4374053000.0,1117481000.0,522827000.0,132478000.0,1120388000.0,-32079000.0,-17188000.0,-15292000.0,,1361331000.0,18555000.0
FUL,2017-09-02,False,Q3,2017,10-Q,562869000.0,40181000.0,25138000.0,0.5,0.49,0.15,2288323000.0,916911000.0,348965000.0,119595000.0,1032536000.0,70805000.0,-159321000.0,61190000.0,,444642000.0,35511000.0
FUL,2017-12-02,False,FY,2017,10-K,2306043000.0,126140000.0,58242000.0,1.16,1.13,0.59,4360646000.0,1144992000.0,504913000.0,194398000.0,1044020000.0,140790000.0,-1800927000.0,1710190000.0,2420442000.0,1336684000.0,54934000.0
FUL,2018-06-02,False,Q2,2018,10-Q,789387000.0,77186000.0,44451000.0,0.88,0.86,0.155,4338897000.0,1155671000.0,515407000.0,129248000.0,1130161000.0,22375000.0,-30488000.0,-57294000.0,,1338546000.0,33197000.0
FUL,2016-12-03,False,FY,2016,10-K,2094605000.0,202165000.0,124128000.0,2.48,2.42,0.55,2058254000.0,811253000.0,391844000.0,142245000.0,938269000.0,195688000.0,-111525000.0,-52590000.0,668323000.0,366248000.0,63310000.0
FUL,2018-09-01,False,Q3,2018,10-Q,770107000.0,71135000.0,37730000.0,0.75,0.72,0.155,4289777000.0,1167856000.0,518529000.0,150084000.0,1127974000.0,106816000.0,-41953000.0,-103187000.0,,1316917000.0,46520000.0
