symbol,end_date,amend,period_focus,fiscal_year,doc_type,revenues,op_income,net_income,eps_basic,eps_diluted,dividend,assets,cur_assets,cur_liab,cash,equity,cash_flow_op,cash_flow_inv,cash_flow_fin,debt,goodwill,cap_ex
GCAP,2012-12-31,False,FY,2012,10-K,5600000.0,,2621000.0,0.08,0.07,0.05,629913000.0,,,36820000.0,163687000.0,12149000.0,-19217000.0,-17983000.0,50000000.0,9030000.0,8358000.0
GCAP,2018-09-30,False,Q3,2018,10-Q,95593000.0,17343000.0,12176000.0,0.22,0.22,0.0,1442264000.0,,,362345000.0,357211000.0,-5108000.0,82170000.0,-19282000.0,136864000.0,28044000.0,11494000.0
GCAP,2013-03-31,False,Q1,2013,10-Q,4800000.0,,4279000.0,0.12,0.11,0.05,650495000.0,,,12062000.0,163611000.0,-32232000.0,-1040000.0,7958000.0,10000000.0,9030000.0,1040000.0
GCAP,2013-06-30,False,Q2,2013,10-Q,72995000.0,,17164000.0,0.48,0.44,0.0,689423000.0,,,60029000.0,179051000.0,19491000.0,-2303000.0,5961000.0,10000000.0,9690000.0,2897000.0
GCAP,2013-12-31,False,FY,2013,10-K,354551000.0,43105000.0,31311000.0,0.85,0.79,0.2,1111135000.0,,,39871000.0,234401000.0,-18329000.0,-9807000.0,33633000.0,65360000.0,14183000.0,6187000.0
GCAP,2014-09-30,False,Q3,2014,10-Q,103650000.0,22966000.0,15345000.0,0.35,0.33,0.0,1259996000.0,,,82172000.0,252318000.0,84298000.0,-35174000.0,-3920000.0,67726000.0,30442000.0,8061000.0
GCAP,2014-03-31,False,Q1,2014,10-Q,76933000.0,,1638000.0,0.04,0.04,0.05,1186820000.0,,,39976000.0,238734000.0,10095000.0,-9602000.0,-853000.0,66474000.0,26114000.0,3164000.0
GCAP,2014-06-30,False,Q2,2014,10-Q,107048000.0,-5551000.0,-5156000.0,-0.13,-0.13,0.0,1215351000.0,,,12933000.0,236692000.0,-17306000.0,-10814000.0,-1999000.0,67093000.0,25335000.0,4311000.0
GCAP,2014-03-31,True,Q1,2014,10-Q,81087000.0,,3825000.0,0.1,0.09,0.05,1187320000.0,,,44890000.0,240921000.0,15009000.0,-9602000.0,-853000.0,66474000.0,26114000.0,3164000.0
GCAP,2013-09-30,False,Q3,2013,10-Q,83367000.0,,5600000.0,0.16,0.14,0.0,1012144000.0,,,28323000.0,222852000.0,10370000.0,-7964000.0,-6677000.0,33200000.0,11406000.0,4351000.0
GCAP,2014-12-31,False,FY,2014,10-K,90000.0,52199000.0,31626000.0,0.76,0.71,0.2,1185887000.0,,,139403000.0,264894000.0,138173000.0,-35463000.0,-5938000.0,68367000.0,34567000.0,8759000.0
GCAP,2011-09-30,False,Q3,2011,10-Q,54169000.0,,7618000.0,0.22,0.2,0.0,495127000.0,,,371217000.0,171437000.0,101541000.0,-5419000.0,-9179000.0,10500000.0,3092000.0,2872000.0
GCAP,2015-06-30,False,Q2,2015,10-Q,111564000.0,-9984000.0,-8830000.0,-0.23,-0.23,0.0,1640977000.0,,,135022000.0,332986000.0,16861000.0,-11779000.0,-12379000.0,119762000.0,48006000.0,8517000.0
GCAP,2015-09-30,False,Q3,2015,10-Q,127931000.0,11785000.0,8304000.0,0.2,0.2,0.0,1516203000.0,,,186688000.0,331881000.0,75475000.0,-9547000.0,-20106000.0,120866000.0,44817000.0,13900000.0
GCAP,2015-03-31,False,Q1,2015,10-Q,129342000.0,13000000.0,8336000.0,0.19,0.18,0.05,1239286000.0,,,90059000.0,271980000.0,-37086000.0,-1303000.0,-10092000.0,69021000.0,33653000.0,1214000.0
GCAP,2011-12-31,False,FY,2011,10-K,182335000.0,,15698000.0,0.46,0.4,0.0,505581000.0,,,370668000.0,164830000.0,110163000.0,-7065000.0,-14566000.0,7875000.0,3092000.0,4018000.0
GCAP,2011-06-30,False,Q2,2011,10-Q,55780000.0,,10013000.0,0.29,0.26,0.0,490857000.0,,,346081000.0,166044000.0,69636000.0,-4409000.0,-3727000.0,13125000.0,3092000.0,1862000.0
GCAP,2015-12-31,False,FY,2015,10-K,38820000.0,17649000.0,10279000.0,0.22,0.22,0.2,1424815000.0,,,171888000.0,306084000.0,77213000.0,-16081000.0,-25840000.0,121996000.0,34017000.0,19676000.0
GCAP,2012-03-31,False,Q1,2012,10-Q,33309000.0,,-1247000.0,-0.04,-0.04,0.05,505041000.0,,,351362000.0,164160000.0,-5352000.0,-1422000.0,-9650000.0,,3092000.0,1422000.0
GCAP,2012-06-30,False,Q2,2012,10-Q,45721000.0,,4435000.0,0.13,0.11,0.05,507028000.0,,,22357000.0,167563000.0,-11883000.0,-3574000.0,-11898000.0,50000000.0,3092000.0,3574000.0
GCAP,2016-03-31,False,Q1,2016,10-Q,116028000.0,13656000.0,8352000.0,0.17,0.17,0.05,1396907000.0,,,189729000.0,307496000.0,34109000.0,-5922000.0,-6929000.0,121189000.0,33718000.0,5922000.0
GCAP,2012-09-30,False,Q3,2012,10-Q,41777000.0,,3221000.0,0.09,0.08,0.05,619618000.0,,,7651000.0,170019000.0,19094000.0,-58253000.0,-14279000.0,50000000.0,10154000.0,6486000.0
GCAP,2015-09-30,True,Q3,2015,10-Q,128111000.0,11988000.0,973000.0,0.05,0.05,0.0,1512879000.0,,,186688000.0,305664000.0,75414000.0,-9547000.0,-20106000.0,120866000.0,41631000.0,13900000.0
GCAP,2015-03-31,True,Q1,2015,10-Q,129376000.0,13056000.0,5465000.0,0.11,0.11,0.05,1235507000.0,,,90059000.0,253876000.0,-36082000.0,-1303000.0,-10092000.0,69021000.0,33561000.0,1214000.0
GCAP,2016-06-30,False,Q2,2016,10-Q,109709000.0,19189000.0,10841000.0,0.19,0.19,0.0,1571565000.0,,,89447000.0,303546000.0,-53246000.0,-12185000.0,-11267000.0,122349000.0,32878000.0,12185000.0
GCAP,2016-09-30,False,Q3,2016,10-Q,72158000.0,-4536000.0,-4714000.0,-0.11,-0.11,0.0,1542393000.0,,,235739000.0,292524000.0,100784000.0,-17375000.0,-14263000.0,123545000.0,32611000.0,17375000.0
GCAP,2015-06-30,True,Q2,2015,10-Q,111457000.0,-10187000.0,-7118000.0,-0.16,-0.16,0.0,1632404000.0,,,135022000.0,314100000.0,14713000.0,-11779000.0,-12379000.0,119762000.0,44728000.0,8517000.0
GCAP,2017-09-30,False,Q3,2017,10-Q,81439000.0,6033000.0,-2580000.0,-0.04,-0.04,0.0,1428805000.0,,,225581000.0,288592000.0,19884000.0,-23882000.0,-18921000.0,130579000.0,32949000.0,16698000.0
GCAP,2015-12-31,True,FY,2015,10-K,38820000.0,17649000.0,10279000.0,0.22,0.22,0.2,1424815000.0,,,171888000.0,306084000.0,77213000.0,-16081000.0,-25840000.0,121996000.0,34017000.0,19676000.0
GCAP,2017-12-31,False,FY,2017,10-K,6930000.0,-322000.0,-11195000.0,-0.2,-0.2,0.0,1448647000.0,,,209688000.0,285748000.0,11131000.0,-28114000.0,-21530000.0,132221000.0,33036000.0,20930000.0
GCAP,2017-06-30,False,Q2,2017,10-Q,98308000.0,17814000.0,13939000.0,0.31,0.31,0.0,1415949000.0,,,193137000.0,290545000.0,-15812000.0,-17142000.0,-15717000.0,127278000.0,32652000.0,10182000.0
GCAP,2017-03-31,False,Q1,2017,10-Q,59674000.0,-20994000.0,-18871000.0,-0.39,-0.39,0.0,1492637000.0,,,183667000.0,273313000.0,-34663000.0,-10764000.0,-8529000.0,126009000.0,32274000.0,5639000.0
GCAP,2018-06-30,False,Q2,2018,10-Q,86632000.0,9957000.0,67148000.0,1.49,1.47,0.0,1474517000.0,,,360312000.0,352801000.0,12019000.0,88028000.0,-12992000.0,135289000.0,28182000.0,8736000.0
GCAP,2018-03-31,False,Q1,2018,10-Q,105794000.0,23299000.0,16086000.0,0.35,0.35,0.0,1454608000.0,,,239704000.0,305994000.0,-2194000.0,-3938000.0,-6495000.0,133734000.0,33443000.0,3938000.0
GCAP,2016-12-31,False,FY,2016,10-K,64000.0,57663000.0,35272000.0,0.67,0.67,0.0,1430084000.0,,,234760000.0,294182000.0,124839000.0,-31327000.0,-21175000.0,124769000.0,32107000.0,23883000.0
