symbol,end_date,amend,period_focus,fiscal_year,doc_type,revenues,op_income,net_income,eps_basic,eps_diluted,dividend,assets,cur_assets,cur_liab,cash,equity,cash_flow_op,cash_flow_inv,cash_flow_fin,debt,goodwill,cap_ex
GES,2018-11-03,False,Q3,2019,10-Q,583121000.0,-21505000.0,-13629000.0,-0.17,-0.17,0.225,1624146000.0,1082723000.0,560664000.0,138922000.0,830555000.0,-46915000.0,-83231000.0,-78279000.0,39792000.0,36893000.0,74890000.0
GES,2011-01-29,False,FY,2011,10-K,2487294000.0,404633000.0,289508000.0,3.14,3.11,2.68,1685804000.0,1163580000.0,431016000.0,427037000.0,1066194000.0,346374000.0,-146103000.0,-277006000.0,,29595000.0,123065000.0
GES,2010-10-30,False,Q3,2011,10-Q,613903000.0,92715000.0,69089000.0,0.75,0.75,0.16,1765695000.0,1272724000.0,423653000.0,469020000.0,1163582000.0,134308000.0,-85523000.0,-82901000.0,,30030000.0,84896000.0
GES,2011-07-30,False,Q2,2012,10-Q,677159000.0,93529000.0,60657000.0,0.65,0.65,0.2,1816630000.0,1242569000.0,434217000.0,430233000.0,1185199000.0,88377000.0,-62148000.0,-34218000.0,14234000.0,30704000.0,59326000.0
GES,2011-10-29,False,Q3,2012,10-Q,642803000.0,96969000.0,66295000.0,0.71,0.71,0.2,1861200000.0,1276725000.0,427727000.0,426725000.0,1235391000.0,149948000.0,-103775000.0,-52510000.0,13503000.0,30331000.0,94200000.0
GES,2011-04-30,False,Q1,2012,10-Q,592244000.0,70933000.0,42682000.0,0.46,0.46,0.2,1762888000.0,1198642000.0,428711000.0,426774000.0,1134213000.0,47835000.0,-44081000.0,-19409000.0,,31268000.0,30894000.0
GES,2012-04-28,False,Q1,2013,10-Q,579266000.0,39141000.0,26646000.0,0.3,0.3,0.2,1839744000.0,1241511000.0,389174000.0,480353000.0,1208443000.0,36653000.0,-31384000.0,-17482000.0,11774000.0,29135000.0,25441000.0
GES,2010-07-31,False,Q2,2011,10-Q,577135000.0,96301000.0,66758000.0,0.72,0.72,0.16,1627533000.0,1174982000.0,381573000.0,478625000.0,1075052000.0,103876000.0,-52238000.0,-69593000.0,,28817000.0,48814000.0
GES,2012-07-28,False,Q2,2013,10-Q,635393000.0,57301000.0,42899000.0,0.49,0.49,0.2,1681122000.0,1082698000.0,386836000.0,271937000.0,1062691000.0,44653000.0,-69517000.0,-182793000.0,10439000.0,36505000.0,49966000.0
GES,2012-10-27,False,Q3,2013,10-Q,628828000.0,58117000.0,36647000.0,0.43,0.43,0.2,1743068000.0,1126164000.0,396820000.0,287288000.0,1113231000.0,96002000.0,-96782000.0,-200150000.0,10515000.0,37852000.0,77357000.0
GES,2013-05-04,False,Q1,2014,10-Q,548914000.0,11325000.0,9916000.0,0.12,0.12,0.2,1621468000.0,1057642000.0,342796000.0,306437000.0,1055651000.0,31737000.0,-10131000.0,-37850000.0,9490000.0,38407000.0,17272000.0
GES,2013-08-03,False,Q2,2014,10-Q,639012000.0,60780000.0,39866000.0,0.47,0.47,0.2,1681003000.0,1129095000.0,372607000.0,343725000.0,1089670000.0,102167000.0,-30000000.0,-51906000.0,10225000.0,38661000.0,40445000.0
GES,2012-01-28,False,FY,2012,10-K,2688048000.0,397235000.0,265500000.0,2.88,2.86,0.8,1844475000.0,1261482000.0,420036000.0,491805000.0,1194265000.0,364494000.0,-132096000.0,-162988000.0,12236000.0,29070000.0,123531000.0
GES,2013-02-02,False,FY,2013,10-K,2658605000.0,274525000.0,178744000.0,2.06,2.05,2.0,1713506000.0,1107225000.0,384966000.0,329021000.0,1100868000.0,268904000.0,-120262000.0,-318283000.0,10215000.0,39287000.0,99591000.0
GES,2013-11-02,False,Q3,2014,10-Q,613497000.0,47959000.0,34020000.0,0.4,0.4,0.2,1696831000.0,1149725000.0,362421000.0,350132000.0,1122560000.0,137289000.0,-45783000.0,-66962000.0,11537000.0,39023000.0,55432000.0
GES,2014-05-03,False,Q1,2015,10-Q,522541000.0,-1977000.0,-2101000.0,-0.03,-0.03,0.225,1713751000.0,1157844000.0,319850000.0,472463000.0,1173535000.0,-233000.0,-17106000.0,-22118000.0,8741000.0,39538000.0,17254000.0
GES,2014-08-02,False,Q2,2015,10-Q,608571000.0,29858000.0,21787000.0,0.26,0.26,0.225,1740419000.0,1202306000.0,360166000.0,461519000.0,1163311000.0,30363000.0,-32550000.0,-40622000.0,8732000.0,38639000.0,32316000.0
GES,2015-10-31,False,Q3,2016,10-Q,520964000.0,20838000.0,12307000.0,0.15,0.15,0.225,1522472000.0,1050145000.0,327050000.0,402386000.0,1014247000.0,64727000.0,-30529000.0,-107994000.0,6639000.0,33811000.0,40293000.0
GES,2015-05-02,False,Q1,2016,10-Q,478824000.0,4353000.0,3257000.0,0.04,0.04,0.225,1555239000.0,1073098000.0,284544000.0,459128000.0,1070593000.0,9135000.0,-10535000.0,-22924000.0,7648000.0,34263000.0,11604000.0
GES,2015-08-01,False,Q2,2016,10-Q,546264000.0,26201000.0,18146000.0,0.21,0.21,0.225,1563612000.0,1090154000.0,319216000.0,470946000.0,1058449000.0,56736000.0,-17227000.0,-44443000.0,6897000.0,33766000.0,24963000.0
GES,2014-11-01,False,Q3,2015,10-Q,589834000.0,24865000.0,20653000.0,0.24,0.24,0.225,1654096000.0,1138429000.0,316674000.0,374875000.0,1126939000.0,-4884000.0,-48055000.0,-59534000.0,8445000.0,36757000.0,53208000.0
GES,2014-02-01,False,FY,2014,10-K,2569786000.0,222587000.0,153434000.0,1.81,1.8,0.8,1764431000.0,1216086000.0,370025000.0,502945000.0,1169986000.0,327942000.0,-63076000.0,-84807000.0,11740000.0,38992000.0,75438000.0
GES,2015-01-31,False,FY,2015,10-K,2417673000.0,125912000.0,93908000.0,1.11,1.11,0.9,1601405000.0,1111359000.0,301966000.0,483483000.0,1089446000.0,153826000.0,-57831000.0,-79687000.0,7713000.0,34133000.0,71498000.0
GES,2016-07-30,False,Q2,2017,10-Q,544959000.0,15577000.0,32029000.0,0.38,0.38,0.225,1575016000.0,1052338000.0,338476000.0,415499000.0,1027801000.0,-17608000.0,-839000.0,-23202000.0,24194000.0,34162000.0,44223000.0
GES,2016-04-30,False,Q1,2017,10-Q,448815000.0,-28978000.0,-25328000.0,-0.3,-0.3,0.225,1552776000.0,1025650000.0,319422000.0,427485000.0,1022113000.0,-30844000.0,-10086000.0,3932000.0,27982000.0,34762000.0,17841000.0
GES,2017-07-29,False,Q2,2018,10-Q,573692000.0,23248000.0,15023000.0,0.18,0.18,0.225,1577207000.0,1047430000.0,376661000.0,316543000.0,970646000.0,-9665000.0,-39537000.0,-55091000.0,41247000.0,36415000.0,39591000.0
GES,2016-10-29,False,Q3,2017,10-Q,536321000.0,15123000.0,8977000.0,0.11,0.11,0.225,1579763000.0,1054927000.0,363976000.0,349104000.0,1008952000.0,-30775000.0,-25383000.0,-44977000.0,24100000.0,33754000.0,66849000.0
GES,2017-04-29,False,Q1,2018,10-Q,458581000.0,-25519000.0,-21493000.0,-0.26,-0.26,0.225,1472124000.0,979406000.0,324566000.0,316395000.0,939327000.0,-29947000.0,-19234000.0,-35960000.0,23893000.0,34560000.0,18846000.0
GES,2016-01-30,False,FY,2016,10-K,2204311000.0,121350000.0,81319000.0,0.97,0.96,0.9,1538748000.0,1036252000.0,327059000.0,445480000.0,1031293000.0,179429000.0,-73745000.0,-127740000.0,6342000.0,33412000.0,83844000.0
GES,2017-01-28,False,FY,2017,10-K,2209368000.0,22708000.0,22234000.0,0.27,0.27,0.9,1534485000.0,1044012000.0,345453000.0,396129000.0,980994000.0,71456000.0,-49993000.0,-68750000.0,24048000.0,34100000.0,90581000.0
GES,2018-05-05,False,Q1,2019,10-Q,521289000.0,-24888000.0,-21419000.0,-0.27,-0.27,0.225,1521181000.0,983872000.0,393789000.0,232492000.0,874257000.0,-67576000.0,-20877000.0,-38284000.0,40580000.0,37405000.0,19004000.0
GES,2018-08-04,False,Q2,2019,10-Q,645871000.0,31881000.0,25262000.0,0.32,0.31,0.225,1589898000.0,1052998000.0,469889000.0,219062000.0,866081000.0,-21652000.0,-53223000.0,-56792000.0,40449000.0,37299000.0,46006000.0
GES,2018-02-03,False,FY,2018,10-K,2363754000.0,65173000.0,-8658000.0,-0.11,-0.11,0.9,1655634000.0,1108705000.0,467845000.0,367441000.0,933475000.0,148370000.0,-90347000.0,-128737000.0,42041000.0,38481000.0,84655000.0
GES,2017-10-28,False,Q3,2018,10-Q,554138000.0,-955000.0,-3046000.0,-0.04,-0.04,0.225,1553512000.0,1006583000.0,389942000.0,233089000.0,940094000.0,-34202000.0,-68626000.0,-82316000.0,40902000.0,36609000.0,65345000.0
