symbol,end_date,amend,period_focus,fiscal_year,doc_type,revenues,op_income,net_income,eps_basic,eps_diluted,dividend,assets,cur_assets,cur_liab,cash,equity,cash_flow_op,cash_flow_inv,cash_flow_fin,debt,goodwill,cap_ex
GGG,2011-07-01,False,Q2,2011,10-Q,234663000.0,58255000.0,38099000.0,0.63,0.61,0.21,692269000.0,417136000.0,121286000.0,119267000.0,342737000.0,43891000.0,-12435000.0,78899000.0,,93400000.0,9999000.0
GGG,2010-12-31,False,FY,2010,10-K,744065000.0,153141000.0,102840000.0,1.71,1.69,0.81,530474000.0,252408000.0,119754000.0,9591000.0,264114000.0,101123000.0,-18769000.0,-76792000.0,,91740000.0,16620000.0
GGG,2011-09-30,False,Q3,2011,10-Q,227347000.0,56802000.0,36552000.0,0.6,0.6,0.21,839609000.0,565198000.0,128483000.0,274832000.0,333562000.0,108770000.0,-21295000.0,177424000.0,,93400000.0,17334000.0
GGG,2010-03-26,False,Q1,2010,10-Q,164721000.0,32706000.0,20565000.0,0.34,0.34,0.2,505283000.0,222149000.0,117388000.0,11633000.0,230504000.0,16041000.0,-2915000.0,-6739000.0,,91740000.0,2847000.0
GGG,2012-03-30,False,Q1,2012,10-Q,234122000.0,57969000.0,35381000.0,0.59,0.58,0.23,925694000.0,632056000.0,133560000.0,326771000.0,371022000.0,23454000.0,-7870000.0,7805000.0,,93400000.0,6513000.0
GGG,2010-09-24,False,Q3,2010,10-Q,189963000.0,43423000.0,30431000.0,0.51,0.5,0.2,527140000.0,253668000.0,123309000.0,9666000.0,247854000.0,62439000.0,-11077000.0,-46316000.0,,91740000.0,9416000.0
GGG,2011-04-01,False,Q1,2011,10-Q,217679000.0,57069000.0,37253000.0,0.62,0.61,0.21,655422000.0,380525000.0,121763000.0,102509000.0,306222000.0,14180000.0,-4374000.0,83411000.0,,91740000.0,4517000.0
GGG,2010-06-25,False,Q2,2010,10-Q,192088000.0,39209000.0,24836000.0,0.41,0.41,0.2,523123000.0,243298000.0,126381000.0,4878000.0,239091000.0,28045000.0,-7501000.0,-21125000.0,,91740000.0,5932000.0
GGG,2018-12-28,False,FY,2018,10-K,1653292000.0,436427000.0,341054000.0,2.04,1.97,0.0,1472741000.0,723216000.0,299803000.0,132118000.0,751873000.0,367985000.0,-66247000.0,-282711000.0,,293846000.0,53854000.0
GGG,2012-09-28,False,Q3,2012,10-Q,256472000.0,56331000.0,37131000.0,0.61,0.6,0.23,1299968000.0,776006000.0,143798000.0,27315000.0,427481000.0,132001000.0,-682777000.0,275604000.0,,171883000.0,13780000.0
GGG,2012-06-29,False,Q2,2012,10-Q,268184000.0,52475000.0,34352000.0,0.57,0.56,0.23,1319721000.0,793927000.0,153919000.0,23088000.0,391388000.0,64667000.0,-666096000.0,321083000.0,,167316000.0,10177000.0
GGG,2013-09-27,False,Q3,2013,10-Q,277035000.0,69726000.0,56101000.0,0.91,0.89,0.25,1331900000.0,794775000.0,163792000.0,17267000.0,601294000.0,181035000.0,-9872000.0,-186474000.0,,181543000.0,15218000.0
GGG,2013-03-29,False,Q1,2013,10-Q,269046000.0,71497000.0,52130000.0,0.86,0.84,0.25,1333252000.0,803492000.0,146922000.0,36970000.0,506918000.0,39199000.0,-1018000.0,-32544000.0,,177334000.0,3320000.0
GGG,2013-06-28,False,Q2,2013,10-Q,286020000.0,75217000.0,57843000.0,0.94,0.92,0.25,1340500000.0,810576000.0,154871000.0,27569000.0,560117000.0,100161000.0,-7100000.0,-98425000.0,,178211000.0,9423000.0
GGG,2011-12-30,False,FY,2011,10-K,895283000.0,219514000.0,142328000.0,2.36,2.32,0.86,874309000.0,582970000.0,131282000.0,303150000.0,322740000.0,162044000.0,-27997000.0,159641000.0,,93400000.0,23854000.0
GGG,2012-12-28,False,FY,2012,10-K,1012456000.0,224677000.0,149126000.0,2.47,2.42,0.93,1321734000.0,776996000.0,151671000.0,31120000.0,454114000.0,189682000.0,-694520000.0,232671000.0,,181228000.0,18234000.0
GGG,2014-09-26,False,Q3,2014,10-Q,302614000.0,78907000.0,59551000.0,0.99,0.97,0.28,1427818000.0,844511000.0,159913000.0,28737000.0,646041000.0,170404000.0,-90964000.0,-70298000.0,,221737000.0,25284000.0
GGG,2014-03-28,False,Q1,2014,10-Q,289962000.0,74705000.0,50745000.0,0.83,0.81,0.28,1430577000.0,835369000.0,168893000.0,24082000.0,642654000.0,28242000.0,-72026000.0,48201000.0,,227204000.0,6879000.0
GGG,2014-06-27,False,Q2,2014,10-Q,322549000.0,85848000.0,66236000.0,1.1,1.07,0.28,1456877000.0,859460000.0,165166000.0,29568000.0,653312000.0,84029000.0,-82350000.0,8946000.0,,226537000.0,17062000.0
GGG,2013-12-27,False,FY,2013,10-K,1104024000.0,279769000.0,210822000.0,3.44,3.36,1.03,1327228000.0,792593000.0,168853000.0,19756000.0,634365000.0,243055000.0,-31238000.0,-225892000.0,,189967000.0,23319000.0
GGG,2016-09-23,False,Q3,2016,10-Q,327192000.0,81464000.0,54388000.0,0.98,0.95,0.33,1421202000.0,498243000.0,177222000.0,53322000.0,711765000.0,201920000.0,-82970000.0,-116008000.0,,411594000.0,34347000.0
GGG,2016-03-25,False,Q1,2016,10-Q,304912000.0,60949000.0,39552000.0,0.71,0.7,0.33,1430998000.0,495844000.0,161757000.0,36490000.0,636908000.0,25578000.0,-60806000.0,20543000.0,,419447000.0,13121000.0
GGG,2015-09-25,False,Q3,2015,10-Q,318986000.0,76927000.0,50691000.0,0.88,0.86,0.3,1387399000.0,519880000.0,204347000.0,51913000.0,636492000.0,135232000.0,384826000.0,-495155000.0,,397322000.0,28860000.0
GGG,2015-03-27,False,Q1,2015,10-Q,306453000.0,65231000.0,68841000.0,1.17,1.14,0.3,1767805000.0,905304000.0,218677000.0,27678000.0,616936000.0,47221000.0,-192662000.0,148026000.0,,393448000.0,9796000.0
GGG,2016-06-24,False,Q2,2016,10-Q,348126000.0,78342000.0,50947000.0,0.92,0.89,0.33,1450889000.0,518226000.0,169816000.0,43864000.0,676132000.0,88007000.0,-74283000.0,-20573000.0,,416188000.0,25961000.0
GGG,2014-12-26,False,FY,2014,10-K,1221130000.0,308925000.0,225573000.0,3.75,3.65,1.13,1544778000.0,859507000.0,174480000.0,23656000.0,596032000.0,241255000.0,-216731000.0,-23574000.0,,292574000.0,30636000.0
GGG,2015-06-26,False,Q2,2015,10-Q,335489000.0,83891000.0,172637000.0,2.96,2.9,0.3,1418908000.0,535142000.0,233772000.0,44258000.0,712355000.0,96664000.0,381819000.0,-460017000.0,,403529000.0,19886000.0
GGG,2017-06-30,False,Q2,2017,10-Q,379483000.0,98769000.0,79828000.0,1.43,1.38,0.36,1341777000.0,579705000.0,264089000.0,75446000.0,651562000.0,135691000.0,-25524000.0,-87419000.0,,273098000.0,16621000.0
GGG,2017-09-29,False,Q3,2017,10-Q,379812000.0,99637000.0,75460000.0,1.35,1.3,0.36,1404223000.0,642399000.0,288271000.0,140000000.0,719989000.0,246148000.0,-40579000.0,-116792000.0,,272858000.0,28899000.0
GGG,2015-12-25,False,FY,2015,10-K,1286485000.0,302125000.0,345713000.0,6.0,5.86,1.23,1391352000.0,509017000.0,194616000.0,52295000.0,635551000.0,189639000.0,369939000.0,-534411000.0,,394488000.0,41749000.0
GGG,2018-03-30,False,Q1,2018,10-Q,406348000.0,111696000.0,85510000.0,0.51,0.49,0.13,1491531000.0,716234000.0,280630000.0,113832000.0,727179000.0,58752000.0,-19815000.0,-28161000.0,,298087000.0,8961000.0
GGG,2017-03-31,False,Q1,2017,10-Q,340590000.0,85821000.0,60732000.0,1.09,1.05,0.36,1313850000.0,556648000.0,253707000.0,76568000.0,567011000.0,50224000.0,-17592000.0,-7920000.0,,269328000.0,8200000.0
GGG,2017-12-29,False,FY,2017,10-K,1474744000.0,360447000.0,252412000.0,1.5,1.45,0.49,1379205000.0,631926000.0,234426000.0,103662000.0,723063000.0,337864000.0,-68459000.0,-217076000.0,,278789000.0,40194000.0
GGG,2016-12-30,False,FY,2016,10-K,1329293000.0,113879000.0,40674000.0,0.73,0.71,1.35,1243109000.0,503362000.0,177985000.0,52365000.0,573820000.0,269093000.0,-90935000.0,-178252000.0,,259849000.0,42113000.0
GGG,2017-12-29,False,FY,2017,10-K,1474744000.0,360447000.0,252412000.0,1.5,1.45,0.49,1379205000.0,631926000.0,234426000.0,103662000.0,723063000.0,337864000.0,-68459000.0,-217076000.0,,278789000.0,40194000.0
GGG,2018-09-28,False,Q3,2018,10-Q,415936000.0,114779000.0,92681000.0,0.55,0.54,0.1325,1485501000.0,730760000.0,264234000.0,137589000.0,796562000.0,254261000.0,-51724000.0,-179767000.0,,296299000.0,39569000.0
GGG,2018-06-29,False,Q2,2018,10-Q,424570000.0,113378000.0,89140000.0,0.53,0.51,0.13,1472961000.0,709286000.0,267525000.0,109854000.0,711805000.0,170777000.0,-38027000.0,-127501000.0,,294343000.0,27443000.0
