symbol,end_date,amend,period_focus,fiscal_year,doc_type,revenues,op_income,net_income,eps_basic,eps_diluted,dividend,assets,cur_assets,cur_liab,cash,equity,cash_flow_op,cash_flow_inv,cash_flow_fin,debt,goodwill,cap_ex
GNCMA,2011-12-31,False,FY,2011,10-K,679381000.0,90719000.0,5839000.0,0.26,0.24,0.0,1448904000.0,200025000.0,113632000.0,29387000.0,175169000.0,134434000.0,-164193000.0,26076000.0,,74883000.0,177090000.0
GNCMA,2012-03-31,False,Q1,2012,10-Q,171907000.0,19685000.0,1429000.0,0.06,0.06,0.0,1452784000.0,213949000.0,126644000.0,30018000.0,166620000.0,34143000.0,-23610000.0,-9902000.0,,74883000.0,23591000.0
GNCMA,2011-06-30,False,Q2,2011,10-Q,168089000.0,22446000.0,-1957000.0,-0.08,-0.08,0.0,1384834000.0,203514000.0,107599000.0,25869000.0,181906000.0,49842000.0,-74906000.0,17863000.0,,73932000.0,71892000.0
GNCMA,2011-09-30,False,Q3,2011,10-Q,177703000.0,31884000.0,7210000.0,0.32,0.3,0.0,1451372000.0,227387000.0,131307000.0,34634000.0,189616000.0,96526000.0,-99442000.0,4480000.0,,73932000.0,126900000.0
GLIBA,2018-12-31,False,FY,2018,10-K,739762000.0,-249992000.0,-873303000.0,-8.09,-8.09,0.0,8660822000.0,750738000.0,1080794000.0,491257000.0,4306690000.0,82888000.0,-32276000.0,-132728000.0,2886034000.0,855837000.0,134352000.0
GNCMA,2013-06-30,False,Q2,2013,10-Q,189661000.0,25695000.0,4180000.0,0.2,0.2,0.0,1549987000.0,244916000.0,127240000.0,26212000.0,187593000.0,76316000.0,-76716000.0,2121000.0,975675000.0,77294000.0,87355000.0
GNCMA,2013-03-31,False,Q1,2013,10-Q,186216000.0,23060000.0,3244000.0,0.16,0.16,0.0,1520306000.0,229349000.0,130465000.0,30773000.0,188096000.0,42535000.0,-38495000.0,2242000.0,966394000.0,77294000.0,38316000.0
GNCMA,2012-09-30,False,Q3,2012,10-Q,178494000.0,25392000.0,3700000.0,0.18,0.18,0.0,1499845000.0,245030000.0,144461000.0,27555000.0,175543000.0,105166000.0,-97135000.0,-9863000.0,948722000.0,74883000.0,104351000.0
GNCMA,2013-09-30,False,Q3,2013,10-Q,220427000.0,38684000.0,8905000.0,0.44,0.44,0.0,1993447000.0,321770000.0,156208000.0,57933000.0,469655000.0,140836000.0,-216826000.0,109432000.0,1090758000.0,215384000.0,135515000.0
GNCMA,2012-12-31,False,FY,2012,10-K,710181000.0,88980000.0,9673000.0,0.46,0.46,0.0,1506522000.0,206826000.0,128359000.0,24491000.0,189436000.0,152783000.0,-168905000.0,11226000.0,957663000.0,77294000.0,146038000.0
GNCMA,2012-06-30,False,Q2,2012,10-Q,176104000.0,24633000.0,3982000.0,0.2,0.18,0.0,1469857000.0,225003000.0,116860000.0,22116000.0,171294000.0,53140000.0,-62118000.0,1707000.0,959787000.0,74883000.0,59950000.0
GNCMA,2014-03-31,False,Q1,2014,10-Q,216283000.0,30265000.0,2121000.0,0.1,0.1,0.0,2009800000.0,324592000.0,148986000.0,53616000.0,458811000.0,64902000.0,-41200000.0,-15057000.0,1047706000.0,219041000.0,28174000.0
GNCMA,2013-12-31,False,FY,2013,10-K,811648000.0,112862000.0,9406000.0,0.46,0.46,0.0,2011807000.0,329052000.0,154610000.0,44971000.0,457354000.0,159634000.0,-266351000.0,127197000.0,,219041000.0,180554000.0
GNCMA,2015-03-31,False,Q1,2015,10-Q,231089000.0,741000.0,-19269000.0,-0.98,-0.98,0.0,2046181000.0,331323000.0,167758000.0,42807000.0,132931000.0,74717000.0,-328682000.0,281370000.0,,233335000.0,49332000.0
GNCMA,2014-06-30,False,Q2,2014,10-Q,224399000.0,38414000.0,8155000.0,0.4,0.4,0.0,2061144000.0,348683000.0,149118000.0,82329000.0,465461000.0,139020000.0,-100320000.0,-1342000.0,1085859000.0,229043000.0,80550000.0
GNCMA,2014-09-30,False,Q3,2014,10-Q,240725000.0,49336000.0,12512000.0,0.6,0.6,0.0,2038689000.0,309565000.0,182500000.0,35464000.0,482295000.0,220217000.0,-148629000.0,-81095000.0,1021856000.0,229560000.0,124871000.0
GNCMA,2015-06-30,False,Q2,2015,10-Q,247528000.0,39203000.0,-15627000.0,-0.82,-0.82,0.0,2033867000.0,323955000.0,151037000.0,34184000.0,99808000.0,139553000.0,-372469000.0,251698000.0,,237817000.0,91964000.0
GNCMA,2015-09-30,False,Q3,2015,10-Q,258573000.0,45473000.0,17631000.0,0.9,0.88,0.0,2031578000.0,319387000.0,170298000.0,59689000.0,110571000.0,226510000.0,-140642000.0,-41581000.0,,239098000.0,134562000.0
GNCMA,2015-12-31,False,FY,2015,10-K,978534000.0,106211000.0,-26025000.0,-1.38,-1.38,0.0,1982308000.0,258595000.0,178248000.0,26528000.0,119261000.0,253955000.0,-189063000.0,-53766000.0,,239263000.0,176235000.0
GNCMA,2017-03-31,False,Q1,2017,10-Q,228115000.0,15346000.0,-55129000.0,-3.2,-3.2,0.0,2083631000.0,254297000.0,172761000.0,14759000.0,5336000.0,35835000.0,-67768000.0,27395000.0,,242108000.0,53465000.0
GNCMA,2016-03-31,False,Q1,2016,10-Q,231098000.0,20019000.0,1099000.0,0.06,-0.08,0.0,1960918000.0,262024000.0,168613000.0,13458000.0,111122000.0,41925000.0,-45553000.0,-9442000.0,,239263000.0,44598000.0
GNCMA,2014-12-31,False,FY,2014,10-K,910198000.0,143562000.0,7557000.0,0.36,0.36,0.0,2058498000.0,308785000.0,170080000.0,15402000.0,467222000.0,258203000.0,-202140000.0,-85632000.0,39000000.0,229560000.0,176109000.0
GNCMA,2016-09-30,False,Q3,2016,10-Q,236655000.0,26368000.0,7943000.0,0.42,0.28,0.0,2031952000.0,312872000.0,170306000.0,92622000.0,91887000.0,190605000.0,-157282000.0,32771000.0,,239263000.0,149842000.0
GNCMA,2017-09-30,False,Q3,2017,10-Q,231214000.0,24174000.0,-8731000.0,-0.5,-0.5,0.0,2063290000.0,231324000.0,186047000.0,19203000.0,-2691000.0,175597000.0,-166926000.0,-8765000.0,,242264000.0,152768000.0
GNCMA,2016-12-31,False,FY,2016,10-K,933812000.0,79103000.0,-3667000.0,-0.2,-0.3,0.0,2065939000.0,265395000.0,183661000.0,19297000.0,53248000.0,200276000.0,-227163000.0,19656000.0,,239263000.0,194478000.0
GNCMA,2017-12-31,False,FY,2017,10-K,919204000.0,71250000.0,-24246000.0,-1.4,-1.4,0.0,2093500000.0,234483000.0,167529000.0,15622000.0,46002000.0,186541000.0,-220873000.0,30657000.0,,242264000.0,189366000.0
GNCMA,2017-06-30,False,Q2,2017,10-Q,224346000.0,11031000.0,-8882000.0,-0.52,-0.52,0.0,2084585000.0,261577000.0,161834000.0,23022000.0,1611000.0,68154000.0,-108260000.0,43831000.0,,242110000.0,93977000.0
GLIBA,2018-09-30,False,Q3,2018,10-Q,210146000.0,-19869000.0,317383000.0,2.95,2.91,0.0,9880457000.0,1002620000.0,202177000.0,689562000.0,5099074000.0,38563000.0,12700000.0,64942000.0,3052506000.0,967687000.0,89376000.0
GNCMA,2016-06-30,False,Q2,2016,10-Q,233766000.0,19531000.0,3415000.0,0.18,-0.02,0.0,1967224000.0,258887000.0,160225000.0,11329000.0,108320000.0,89190000.0,-93110000.0,-11279000.0,,239263000.0,89802000.0
GLIBA,2018-06-30,False,Q2,2018,10-Q,233490000.0,-593000.0,-303326000.0,-2.82,-2.82,0.0,9344097000.0,1059390000.0,188071000.0,767873000.0,4803872000.0,47397000.0,107655000.0,39647000.0,2968469000.0,957972000.0,40303000.0
GLIBA,2018-03-31,False,Q1,2018,10-Q,61204000.0,-7369000.0,-170692000.0,-1.58,-1.58,0.0,9584751000.0,705120000.0,416970000.0,402672000.0,5116267000.0,-21644000.0,141458000.0,-290320000.0,2477806000.0,950198000.0,6500000.0
