symbol,end_date,amend,period_focus,fiscal_year,doc_type,revenues,op_income,net_income,eps_basic,eps_diluted,dividend,assets,cur_assets,cur_liab,cash,equity,cash_flow_op,cash_flow_inv,cash_flow_fin,debt,goodwill,cap_ex
GLPI,2015-06-30,False,Q2,2015,10-Q,163823000.0,76827000.0,45757000.0,0.4,0.38,0.545,2515974000.0,,,31059000.0,-135847000.0,162069000.0,-11341000.0,-155642000.0,2566439000.0,75521000.0,10750000.0
GLPI,2014-09-30,False,Q3,2014,10-Q,157795000.0,77622000.0,49694000.0,0.44,0.42,0.52,2595437000.0,,,31334000.0,-77899000.0,221007000.0,-302206000.0,-172688000.0,2546000000.0,75521000.0,124526000.0
GLPI,2014-12-31,False,FY,2014,10-K,635945000.0,303383000.0,184612000.0,1.65,1.58,2.48,2564580000.0,,,35973000.0,-124736000.0,273259000.0,-317319000.0,-205188000.0,2609487000.0,75521000.0,139231000.0
GLPI,2014-03-31,False,Q1,2014,10-Q,158328000.0,74334000.0,44137000.0,0.4,0.38,0.52,2561886000.0,,,48278000.0,-68028000.0,79727000.0,-209959000.0,-106711000.0,2500000000.0,75521000.0,24002000.0
GLPI,2018-12-31,False,FY,2018,10-K,1055727000.0,593810000.0,339041000.0,1.59,1.58,2.57,8577293000.0,,,25783000.0,2265607000.0,654433000.0,-1509784000.0,852080000.0,5853497000.0,16067000.0,20000.0
GLPI,2013-09-30,False,Q3,2013,10-Q,39633000.0,,2681000.0,,,0.0,0.0,23840000.0,17853000.0,0.0,0.0,13208000.0,-3026000.0,-6194000.0,,75521000.0,3167000.0
GLPI,2013-12-31,False,FY,2013,10-K,242129000.0,60582000.0,19755000.0,0.18,0.17,0.0,2609239000.0,,,285221000.0,142429000.0,80632000.0,-16275000.0,206302000.0,2350000000.0,75521000.0,12198000.0
GLPI,2014-06-30,False,Q2,2014,10-Q,160786000.0,77374000.0,46818000.0,0.42,0.4,0.52,2581677000.0,,,41679000.0,-72922000.0,126221000.0,-233696000.0,-136067000.0,2526000000.0,75521000.0,55504000.0
GLPI,2015-03-31,False,Q1,2015,10-Q,162661000.0,78756000.0,46872000.0,0.41,0.4,0.55,2552477000.0,,,45367000.0,-125540000.0,100759000.0,-6084000.0,-85281000.0,2576463000.0,75521000.0,5640000.0
GLPI,2014-12-31,True,FY,2014,10-K,591068000.0,258506000.0,138229000.0,1.23,1.18,2.48,2564580000.0,,,35973000.0,-176290000.0,273259000.0,-317319000.0,-205188000.0,2609487000.0,75521000.0,139231000.0
GLPI,2016-03-31,False,Q1,2016,10-Q,148820000.0,67637000.0,32614000.0,0.28,0.27,0.56,2436229000.0,,,61561000.0,-258815000.0,103858000.0,1143000.0,-85315000.0,2468985000.0,75521000.0,265000.0
GLPI,2015-12-31,False,FY,2015,10-K,575053000.0,257415000.0,127605000.0,1.12,1.08,2.18,2448155000.0,,,41875000.0,-253514000.0,319688000.0,-14142000.0,-299644000.0,2510341000.0,75521000.0,16149000.0
GLPI,2015-09-30,False,Q3,2015,10-Q,147792000.0,65291000.0,33094000.0,0.29,0.28,0.545,2516115000.0,,,42740000.0,-236586000.0,266825000.0,-14077000.0,-245981000.0,2541414000.0,75521000.0,13699000.0
GLPI,2015-03-31,True,Q1,2015,10-Q,148705000.0,64800000.0,32980000.0,0.29,0.28,0.55,2552477000.0,,,45367000.0,-191050000.0,100759000.0,-6084000.0,-85281000.0,2576463000.0,75521000.0,5640000.0
GLPI,2015-06-30,True,Q2,2015,10-Q,149867000.0,62871000.0,31858000.0,0.28,0.27,0.545,2515974000.0,,,31059000.0,-215313000.0,162069000.0,-11341000.0,-155642000.0,2566439000.0,75521000.0,10750000.0
GLPI,2016-06-30,False,Q2,2016,10-Q,207361000.0,120817000.0,73094000.0,0.4,0.39,0.56,7149062000.0,,,23739000.0,2386172000.0,210342000.0,-2927122000.0,2698644000.0,1145000000.0,75521000.0,269000.0
GLPI,2017-12-31,False,FY,2017,10-K,971307000.0,605518000.0,379976000.0,1.8,1.79,2.5,7246882000.0,,,29054000.0,2458247000.0,598711000.0,698000.0,-606911000.0,4442880000.0,75521000.0,78000.0
GLPI,2017-03-31,False,Q1,2017,10-Q,242713000.0,150006000.0,93816000.0,0.45,0.45,0.62,7314399000.0,,,23361000.0,2407336000.0,184689000.0,22093000.0,-219977000.0,4573194000.0,75521000.0,8000.0
GLPI,2017-06-30,False,Q2,2017,10-Q,243391000.0,152696000.0,96175000.0,0.46,0.45,0.62,7357220000.0,,,29510000.0,2518767000.0,292240000.0,-35605000.0,-263681000.0,4521423000.0,75521000.0,68000.0
GLPI,2016-12-31,False,FY,2016,10-K,828255000.0,480623000.0,288637000.0,1.62,1.6,2.32,7369330000.0,,,36556000.0,2433869000.0,514370000.0,-3218616000.0,2698927000.0,4664965000.0,75521000.0,330000.0
GLPI,2017-09-30,False,Q3,2017,10-Q,244506000.0,152699000.0,96857000.0,0.46,0.45,0.63,7334808000.0,,,43634000.0,2493104000.0,489104000.0,-16944000.0,-465082000.0,4449652000.0,75521000.0,78000.0
GLPI,2016-09-30,False,Q3,2016,10-Q,233275000.0,143306000.0,89416000.0,0.43,0.43,0.6,7421320000.0,,,25359000.0,2449660000.0,405445000.0,-3234867000.0,2812906000.0,1290000000.0,75521000.0,323000.0
GLPI,2018-03-31,False,Q1,2018,10-Q,244050000.0,151851000.0,96610000.0,0.45,0.45,0.63,7220447000.0,,,45420000.0,2416848000.0,185756000.0,17387000.0,-186777000.0,4401107000.0,75521000.0,0.0
GLPI,2018-09-30,False,Q3,2018,10-Q,254139000.0,164834000.0,104668000.0,0.49,0.49,0.63,8295898000.0,,,1162774000.0,2358396000.0,518218000.0,21861000.0,593641000.0,5449147000.0,75521000.0,20000.0
GLPI,2018-06-30,False,Q2,2018,10-Q,254221000.0,153241000.0,91869000.0,0.43,0.43,0.63,7288560000.0,,,144472000.0,2378768000.0,305622000.0,27468000.0,-217672000.0,4506744000.0,75521000.0,14000.0
