symbol,end_date,amend,period_focus,fiscal_year,doc_type,revenues,op_income,net_income,eps_basic,eps_diluted,dividend,assets,cur_assets,cur_liab,cash,equity,cash_flow_op,cash_flow_inv,cash_flow_fin,debt,goodwill,cap_ex
GLT,2011-12-31,False,FY,2011,10-K,1612498000.0,85272000.0,42694000.0,0.94,0.93,0.36,1136925000.0,422413000.0,211240000.0,38277000.0,490404000.0,140307000.0,-16830000.0,-180140000.0,,,64491000.0
GLT,2011-06-30,False,Q2,2011,10-Q,400045000.0,6209000.0,2501000.0,0.05,0.05,0.09,1400588000.0,547018000.0,230772000.0,108296000.0,585222000.0,48313000.0,-24437000.0,-13446000.0,,,27877000.0
GLT,2011-09-30,False,Q3,2011,10-Q,419333000.0,24184000.0,13026000.0,0.29,0.28,0.09,1350027000.0,516033000.0,208610000.0,98251000.0,558622000.0,81136000.0,-40200000.0,-39495000.0,,,44642000.0
GLT,2018-12-31,False,FY,2018,10-K,937043000.0,21942000.0,-177604000.0,-4.06,-4.06,0.52,1339754000.0,469286000.0,232802000.0,142685000.0,538898000.0,-5952000.0,-217640000.0,-91426000.0,413023000.0,153463000.0,42129000.0
GLT,2012-09-30,False,Q3,2012,10-Q,406221000.0,31285000.0,20099000.0,0.47,0.46,0.09,1184035000.0,463878000.0,228396000.0,28322000.0,545917000.0,48465000.0,-36302000.0,-22397000.0,219000000.0,,45027000.0
GLT,2012-06-30,False,Q2,2012,10-Q,386323000.0,17726000.0,13432000.0,0.31,0.31,0.09,1154784000.0,445119000.0,228639000.0,23437000.0,516041000.0,28532000.0,-23398000.0,-19736000.0,218000000.0,,30587000.0
GLT,2012-12-31,False,FY,2012,10-K,1584788000.0,101874000.0,59379000.0,1.39,1.36,0.36,1242985000.0,518858000.0,250908000.0,97679000.0,539679000.0,112846000.0,-48705000.0,-5489000.0,250000000.0,16601000.0,58752000.0
GLT,2013-06-30,False,Q2,2013,10-Q,426391000.0,6331000.0,933000.0,0.02,0.02,0.1,1482296000.0,513172000.0,258320000.0,44755000.0,548261000.0,48227000.0,-271867000.0,171234000.0,432546000.0,,60823000.0
GLT,2013-03-31,False,Q1,2013,10-Q,406290000.0,23961000.0,15629000.0,0.36,0.36,0.1,1224621000.0,500779000.0,229121000.0,76440000.0,544623000.0,15795000.0,-31493000.0,-4599000.0,250000000.0,,31391000.0
GLT,2012-03-31,False,Q1,2012,10-Q,399213000.0,31040000.0,18878000.0,0.44,0.43,0.09,1155626000.0,432226000.0,204753000.0,24899000.0,518021000.0,9743000.0,-14103000.0,-9473000.0,,,14152000.0
GLT,2013-09-30,False,Q3,2013,10-Q,457844000.0,31841000.0,34119000.0,0.79,0.77,0.1,1531459000.0,541721000.0,263383000.0,63635000.0,597760000.0,95693000.0,-296946000.0,166876000.0,438581000.0,,86089000.0
GLT,2014-06-30,False,Q2,2014,10-Q,446131000.0,10605000.0,4669000.0,0.11,0.11,0.11,1630107000.0,541745000.0,263807000.0,28016000.0,692583000.0,-21366000.0,-27896000.0,-45563000.0,415438000.0,94826000.0,30156000.0
GLT,2014-03-31,False,Q1,2014,10-Q,460983000.0,22298000.0,14648000.0,0.34,0.33,0.11,1648996000.0,562560000.0,267212000.0,74785000.0,696850000.0,-10210000.0,-13596000.0,-24328000.0,424826000.0,95629000.0,14435000.0
GLT,2014-09-30,False,Q3,2014,10-Q,465952000.0,44217000.0,30372000.0,0.71,0.69,0.11,1596744000.0,553683000.0,251940000.0,53655000.0,688180000.0,21380000.0,-43585000.0,-46007000.0,410170000.0,87772000.0,47036000.0
GLT,2016-06-30,False,Q2,2016,10-Q,408414000.0,5530000.0,1965000.0,0.05,0.04,0.125,1525184000.0,524585000.0,311393000.0,58532000.0,676223000.0,36640000.0,-80638000.0,-3126000.0,370353000.0,77044000.0,80391000.0
GLT,2015-03-31,False,Q1,2015,10-Q,419537000.0,23490000.0,13925000.0,0.32,0.32,0.11,1487257000.0,549581000.0,258434000.0,71570000.0,622869000.0,2155000.0,-20623000.0,-7190000.0,386642000.0,74878000.0,21749000.0
GLT,2015-06-30,False,Q2,2015,10-Q,411518000.0,3807000.0,2848000.0,0.07,0.06,0.12,1530437000.0,555633000.0,288381000.0,65762000.0,638925000.0,25513000.0,-43124000.0,-14813000.0,390711000.0,77924000.0,44575000.0
GLT,2014-12-31,False,FY,2014,10-K,1810342000.0,106780000.0,69246000.0,1.6,1.57,0.44,1561504000.0,574622000.0,279731000.0,99837000.0,649109000.0,99577000.0,-69589000.0,-50881000.0,404612000.0,84137000.0,66046000.0
GLT,2015-09-30,False,Q3,2015,10-Q,421113000.0,20239000.0,13504000.0,0.31,0.31,0.12,1537747000.0,559444000.0,292350000.0,73665000.0,646116000.0,70523000.0,-72923000.0,-21946000.0,389115000.0,78126000.0,74280000.0
GLT,2013-12-31,False,FY,2013,10-K,1725768000.0,86519000.0,15888000.0,1.56,1.52,0.4,1678410000.0,586582000.0,288367000.0,122882000.0,684476000.0,173635000.0,-312436000.0,163175000.0,442325000.0,95948000.0,103047000.0
GLT,2015-12-31,False,FY,2015,10-K,1666748000.0,96372000.0,64575000.0,1.49,1.47,0.48,1503624000.0,552367000.0,304320000.0,105304000.0,663247000.0,133743000.0,-77254000.0,-48016000.0,363870000.0,76056000.0,99889000.0
GLT,2016-03-31,False,Q1,2016,10-Q,402884000.0,25961000.0,16168000.0,0.37,0.37,0.125,1521440000.0,528656000.0,289343000.0,70262000.0,690171000.0,11441000.0,-43561000.0,-4098000.0,367156000.0,79141000.0,43294000.0
GLT,2016-12-31,False,FY,2016,10-K,1610938000.0,27693000.0,21554000.0,0.49,0.49,0.5,1521259000.0,494259000.0,323011000.0,55444000.0,653826000.0,116110000.0,-160888000.0,-3019000.0,375161000.0,73094000.0,160158000.0
GLT,2016-09-30,False,Q3,2016,10-Q,406647000.0,25418000.0,19601000.0,0.45,0.44,0.125,1554239000.0,529568000.0,316118000.0,50752000.0,691689000.0,59437000.0,-117293000.0,2974000.0,381708000.0,77268000.0,116948000.0
GLT,2017-06-30,False,Q2,2017,10-Q,388323000.0,-1505000.0,-5714000.0,-0.13,-0.13,0.13,1641781000.0,540209000.0,339764000.0,69442000.0,685032000.0,28764000.0,-70964000.0,52466000.0,444142000.0,78855000.0,71047000.0
GLT,2018-06-30,False,Q2,2018,10-Q,406717000.0,-9379000.0,-7399000.0,-0.17,-0.17,0.13,1737097000.0,604325000.0,336875000.0,107189000.0,686952000.0,38000.0,-34628000.0,28790000.0,522760000.0,80450000.0,36944000.0
GLT,2018-03-31,False,Q1,2018,10-Q,412075000.0,13397000.0,5716000.0,0.13,0.13,0.13,1764612000.0,608700000.0,338696000.0,117277000.0,723992000.0,7659000.0,-24901000.0,15842000.0,507517000.0,84977000.0,26568000.0
GLT,2017-12-31,False,FY,2017,10-K,1596423000.0,58090000.0,7914000.0,0.18,0.18,0.52,1730795000.0,584971000.0,347176000.0,116219000.0,708928000.0,104262000.0,-132319000.0,81588000.0,483330000.0,82744000.0,132304000.0
GLT,2018-09-30,False,Q3,2018,10-Q,209855000.0,4322000.0,-95831000.0,-2.19,-2.19,0.13,1750775000.0,741207000.0,330398000.0,234070000.0,606946000.0,-16212000.0,-30150000.0,148316000.0,647748000.0,79882000.0,32155000.0
GLT,2017-03-31,False,Q1,2017,10-Q,391842000.0,21811000.0,11603000.0,0.27,0.26,0.13,1574766000.0,516654000.0,320835000.0,57227000.0,668786000.0,7561000.0,-36783000.0,30479000.0,412280000.0,74099000.0,36783000.0
GLT,2017-09-30,False,Q3,2017,10-Q,414561000.0,21360000.0,12105000.0,0.28,0.27,0.13,1696794000.0,571495000.0,336013000.0,84287000.0,710596000.0,52796000.0,-102055000.0,72654000.0,472241000.0,81497000.0,102172000.0
