symbol,end_date,amend,period_focus,fiscal_year,doc_type,revenues,op_income,net_income,eps_basic,eps_diluted,dividend,assets,cur_assets,cur_liab,cash,equity,cash_flow_op,cash_flow_inv,cash_flow_fin,debt,goodwill,cap_ex
SCOO,2013-05-31,False,Q3,2013,10-Q,,,-6532.0,0.0,0.0,0.0,,5589.0,13880.0,5589.0,-8291.0,-31724.0,,80380.0,,,
SCOO,2013-11-30,False,Q1,2014,10-Q,,,-7665.0,0.0,0.0,0.0,,3466.0,27036.0,3466.0,-23570.0,-5567.0,,5514.0,,,
SCOO,2013-05-31,False,Q3,2013,10-Q,,,-6532.0,0.0,0.0,0.0,,5589.0,13880.0,5589.0,-8291.0,-31724.0,,80380.0,,,
SCOO,2014-05-31,False,Q3,2014,10-Q,,,-6905.0,0.0,0.0,0.0,7775082.0,,,,-44162.0,-5117.0,-7775082.0,7856680.0,,,
SCOO,2014-02-28,False,Q2,2014,10-Q,,,-13687.0,0.0,0.0,0.0,,7047.0,44304.0,3415.0,-37257.0,-104.0,,80380.0,,,
SCOO,2013-08-31,False,FY,2013,10-K,,,-45338.0,0.01,0.01,0.0,,3519.0,19424.0,3519.0,-15905.0,-33794.0,,25000.0,,,
GMRE,2014-08-31,False,FY,2014,10-K,380405.0,,-652206.0,-13.49,-13.49,0.0,22244759.0,,,162985.0,2221309.0,-146260.0,-21882005.0,22187731.0,,,21867065.0
GMRE,2015-03-31,False,Q1,2015,10-Q,462138.0,,-188547.0,-0.75,-0.75,0.0,24523248.0,,,369105.0,1473792.0,-139427.0,,207130.0,,,
GMRE,2015-06-30,False,Q2,2015,10-Q,455900.0,,-132427.0,-0.53,-0.53,0.0,24349378.0,,,341422.0,1277465.0,-10801.0,-6000.0,56821.0,,,0.0
GMED,2014-11-30,False,Q1,2015,10-Q,445244.0,,-283340.0,-1.13,-1.13,0.0,24746893.0,,,332576.0,1874069.0,130465.0,-2506697.0,2545823.0,,,-2506697.0
SCOO,2012-08-31,False,FY,2012,10-K,,,-50108.0,-0.01,-0.01,0.0,,12313.0,7880.0,12313.0,4433.0,-35108.0,,0.0,,,
SCOO,2012-05-31,False,Q3,2012,10-Q,,,-25800.0,0.0,0.0,0.0,,27389.0,6380.0,27389.0,21009.0,-20032.0,,55380.0,,,
SCOO,2012-02-29,False,Q2,2012,10-Q,,,-97.0,0.0,0.0,0.0,,47189.0,380.0,47189.0,46809.0,-232.0,,55380.0,,,
SCOO,2012-11-30,False,Q1,2013,10-Q,,,-27620.0,0.0,0.0,0.0,,11193.0,9380.0,11193.0,1813.0,-26120.0,,25000.0,,,
SCOO,2013-02-28,False,Q2,2013,10-Q,,,-3572.0,0.0,0.0,0.0,,9121.0,10880.0,9121.0,-1759.0,-28192.0,,80380.0,,,
GMRE,2015-09-30,False,Q3,2015,10-Q,487102.0,,-497793.0,-1.99,-1.99,0.0,35872802.0,,,300579.0,715772.0,-80165.0,-11680355.0,11759697.0,,,-11608672.0
GMRE,2015-12-31,False,FY,2015,10-K,2061667.0,,-1609247.0,-6.44,-6.44,0.0,65328725.0,,,9184270.0,-138608.0,-208801.0,-32338990.0,41643255.0,40030134.0,,-31764361.0
GMRE,2016-03-31,False,Q1,2016,10-Q,1314059.0,,-1946563.0,-3.11,-3.11,0.0852,96096760.0,,,507281.0,12750677.0,-1115647.0,-37573329.0,30011987.0,9223500.0,,37946139.0
GMRE,2016-09-30,False,Q3,2016,10-Q,2002650.0,,-1982826.0,-0.11,-0.11,0.0,205791478.0,,,81347992.0,159708292.0,-2059800.0,-68335185.0,142558707.0,9223500.0,,68690495.0
GMRE,2016-06-30,False,Q2,2016,10-Q,1770659.0,,-494199.0,-0.35,-0.35,0.0,98385696.0,,,2574804.0,12134927.0,-204826.0,-37640869.0,31236229.0,9223500.0,,37946139.0
GMRE,2017-06-30,False,Q2,2017,10-Q,7422946.0,,-622765.0,-0.04,-0.04,0.0,369395591.0,,,12033797.0,176302594.0,3814283.0,-148063955.0,136612338.0,32097400.0,,
GMRE,2015-12-31,True,FY,2015,10-K,2061667.0,,-1609247.0,-6.44,-6.44,0.0,65328725.0,,,9184270.0,-138608.0,-208801.0,-32338990.0,41643255.0,9025000.0,,31764361.0
GMRE,2017-12-31,False,FY,2017,10-K,30344000.0,,-1752000.0,-0.09,-0.09,0.0,474571000.0,,,5109000.0,259013000.0,11603000.0,-252653000.0,226488000.0,32097000.0,,
GMRE,2016-12-31,False,FY,2016,10-K,8210330.0,,-6353450.0,-0.68,-0.68,0.0852,227319130.0,,,19671131.0,155028378.0,-2723166.0,-150357587.0,163567614.0,9223500.0,,
GMRE,2018-03-31,False,Q1,2018,10-Q,11564000.0,,411000.0,0.02,0.02,0.0,539856000.0,,,3351000.0,254743000.0,9295000.0,-66250000.0,57242000.0,32097000.0,,
GMRE,2017-09-30,False,Q3,2017,10-Q,8388863.0,,381268.0,0.02,0.02,0.0,428927663.0,,,6776501.0,253026807.0,7278153.0,-213505574.0,193332791.0,32097400.0,,
GMRE,2018-09-30,False,Q3,2018,10-Q,14003000.0,,286000.0,0.01,0.01,0.0,604091000.0,,,3005000.0,254656000.0,19100000.0,-136431000.0,114039000.0,32097000.0,,
GMRE,2017-03-31,False,Q1,2017,10-Q,4658858.0,,-2541302.0,-0.14,-0.14,0.0,325768465.0,,,8356599.0,149254869.0,819436.0,-109249402.0,97115434.0,9223500.0,,
GMRE,2018-06-30,False,Q2,2018,10-Q,13249000.0,,-64000.0,0.0,0.0,0.0,602027000.0,,,4755000.0,255513000.0,14923000.0,-125571000.0,109721000.0,32097000.0,,
