symbol,end_date,amend,period_focus,fiscal_year,doc_type,revenues,op_income,net_income,eps_basic,eps_diluted,dividend,assets,cur_assets,cur_liab,cash,equity,cash_flow_op,cash_flow_inv,cash_flow_fin,debt,goodwill,cap_ex
GNE,2018-09-30,False,Q3,2018,10-Q,71842000.0,6046000.0,5547000.0,0.21,0.21,0.075,131463000.0,100993000.0,48829000.0,45916000.0,78950000.0,20239000.0,-3270000.0,-1653000.0,100000.0,9998000.0,575000.0
GNE,2014-03-31,False,Q1,2014,10-Q,130348000.0,-6493000.0,-7090000.0,-0.33,-0.33,0.0,157465000.0,144822000.0,44577000.0,46351000.0,110609000.0,-29718000.0,2486000.0,-283000.0,,7230000.0,114000.0
GNE,2013-06-30,False,Q2,2013,10-Q,55134000.0,-5569000.0,-6207000.0,-0.32,-0.32,0.0,142097000.0,131975000.0,28452000.0,71823000.0,113578000.0,1363000.0,1504000.0,-594000.0,,3663000.0,77000.0
GNE,2012-06-30,False,Q2,2012,10-Q,42826000.0,-5006000.0,-3252000.0,-0.15,-0.15,0.05,144716000.0,134290000.0,27390000.0,81296000.0,117326000.0,1584000.0,-19315000.0,-3184000.0,,3663000.0,49000.0
GNE,2013-12-31,False,FY,2013,10-K,279174000.0,626000.0,-7126000.0,-0.36,-0.36,0.0,158843000.0,146092000.0,40334000.0,73885000.0,116340000.0,1220000.0,3771000.0,-927000.0,,7349000.0,313000.0
GNE,2014-09-30,False,Q3,2014,10-Q,46186000.0,-4107000.0,-4765000.0,-0.22,-0.22,0.0,158831000.0,144977000.0,26908000.0,86238000.0,129938000.0,-8094000.0,-2206000.0,22940000.0,7600000.0,7226000.0,1261000.0
GNE,2014-06-30,False,Q2,2014,10-Q,48810000.0,-4344000.0,-5177000.0,-0.24,-0.24,0.0,134713000.0,121342000.0,25307000.0,67796000.0,107017000.0,-7102000.0,1210000.0,-284000.0,7600000.0,7226000.0,766000.0
GNE,2012-09-30,False,Q3,2012,10-Q,63725000.0,3469000.0,-2641000.0,-0.13,-0.13,0.05,147201000.0,138375000.0,31024000.0,71519000.0,116177000.0,873000.0,-27233000.0,-4333000.0,,3663000.0,64000.0
GNE,2013-09-30,False,Q3,2013,10-Q,71638000.0,3948000.0,1685000.0,0.09,0.08,0.0,146176000.0,135684000.0,29642000.0,71847000.0,116309000.0,-683000.0,3885000.0,-1043000.0,,3663000.0,300000.0
GNE,2012-12-31,False,FY,2012,10-K,229459000.0,3047000.0,-3492000.0,-0.17,-0.17,0.133,150306000.0,141201000.0,32209000.0,69409000.0,118097000.0,-1008000.0,-17741000.0,-14421000.0,,3663000.0,91000.0
GNE,2015-03-31,False,Q1,2015,10-Q,74429000.0,-1715000.0,-2380000.0,-0.11,-0.11,0.06,153608000.0,137912000.0,35951000.0,56023000.0,116129000.0,-9286000.0,-4660000.0,-1862000.0,,3663000.0,289000.0
GNE,2015-06-30,False,Q2,2015,10-Q,39527000.0,-4332000.0,-4868000.0,-0.22,-0.22,0.06,147611000.0,124768000.0,33000000.0,56005000.0,113117000.0,-3461000.0,-11204000.0,-1351000.0,,3663000.0,304000.0
GNE,2015-09-30,False,Q3,2015,10-Q,52238000.0,3839000.0,2475000.0,0.11,0.1,0.0,150229000.0,121211000.0,32640000.0,48380000.0,116095000.0,560000.0,-22346000.0,-1699000.0,,3663000.0,324000.0
GNE,2011-10-31,False,Q1,2012,10-Q,45796000.0,3978000.0,1911000.0,0.09,0.09,0.0,144458000.0,137330000.0,21411000.0,92351000.0,123047000.0,-889000.0,-2048000.0,71412000.0,,3663000.0,58000.0
GNE,2013-03-31,False,Q1,2013,10-Q,85331000.0,2633000.0,-1816000.0,-0.09,-0.09,0.0,150460000.0,141637000.0,31798000.0,71648000.0,118662000.0,-835000.0,3227000.0,-287000.0,,3663000.0,11000.0
GNE,2014-12-31,False,FY,2014,10-K,275031000.0,-25610000.0,-27902000.0,-1.31,-1.31,0.06,152928000.0,142372000.0,32082000.0,71895000.0,119343000.0,-19102000.0,-2978000.0,20685000.0,,3663000.0,1437000.0
GNE,2015-12-31,False,FY,2015,10-K,210109000.0,-5882000.0,-8938000.0,-0.4,-0.4,0.12,155815000.0,114624000.0,37552000.0,38786000.0,114697000.0,-3081000.0,-31625000.0,1595000.0,,3663000.0,324000.0
GNE,2012-03-31,False,Q1,2012,10-Q,57505000.0,2693000.0,604000.0,0.03,0.03,0.033,147378000.0,137614000.0,26045000.0,101864000.0,121333000.0,1513000.0,-600000.0,-1277000.0,,3663000.0,12000.0
GNE,2016-12-31,False,FY,2016,10-K,212112000.0,-30513000.0,-26006000.0,-1.14,-1.14,0.24,121813000.0,97810000.0,41145000.0,35192000.0,79865000.0,15550000.0,-9528000.0,-9691000.0,,8728000.0,586000.0
GNE,2016-06-30,False,Q2,2016,10-Q,43977000.0,2625000.0,3082000.0,0.14,0.13,0.06,165243000.0,110671000.0,40702000.0,38872000.0,121490000.0,13291000.0,-9227000.0,-3909000.0,,3663000.0,135000.0
GNE,2016-09-30,False,Q3,2016,10-Q,57153000.0,-37102000.0,-32509000.0,-1.43,-1.43,0.06,117968000.0,104986000.0,35644000.0,42301000.0,81413000.0,11606000.0,-691000.0,-7603000.0,,3663000.0,449000.0
GNE,2017-06-30,False,Q2,2017,10-Q,52212000.0,-12341000.0,-11834000.0,-0.5,-0.5,0.075,121185000.0,88188000.0,48585000.0,33430000.0,68857000.0,-3268000.0,-5835000.0,7163000.0,,8728000.0,2876000.0
GNE,2017-03-31,True,Q1,2017,10-Q,71405000.0,5196000.0,4212000.0,0.18,0.18,0.075,124393000.0,99071000.0,40841000.0,35971000.0,82747000.0,3640000.0,-997000.0,-2072000.0,,8728000.0,222000.0
GNE,2016-03-31,False,Q1,2016,10-Q,58138000.0,6816000.0,6116000.0,0.27,0.26,0.06,159313000.0,108174000.0,35124000.0,37899000.0,120953000.0,9120000.0,-8178000.0,-1982000.0,,3663000.0,84000.0
GNE,2017-03-31,False,Q1,2017,10-Q,69440000.0,3968000.0,3107000.0,0.13,0.13,0.075,123165000.0,97843000.0,40718000.0,35971000.0,81642000.0,3640000.0,-997000.0,-2072000.0,,8728000.0,222000.0
GNE,2017-09-30,False,Q3,2017,10-Q,69473000.0,1403000.0,408000.0,0.02,0.02,0.075,120210000.0,80195000.0,47217000.0,29390000.0,69263000.0,3377000.0,-13325000.0,4089000.0,,9998000.0,3248000.0
GNE,2017-06-30,True,Q2,2017,10-Q,50247000.0,-13569000.0,-12939000.0,-0.55,-0.55,0.075,121185000.0,88188000.0,48585000.0,33430000.0,68857000.0,-3268000.0,-5835000.0,7163000.0,,8728000.0,2876000.0
GNE,2018-06-30,False,Q2,2018,10-Q,56433000.0,-2321000.0,-2289000.0,-0.09,-0.09,0.075,124385000.0,91838000.0,46828000.0,43175000.0,73687000.0,12069000.0,-999000.0,1517000.0,,9998000.0,370000.0
GNE,2018-03-31,False,Q1,2018,10-Q,89268000.0,6627000.0,5784000.0,0.24,0.24,0.075,125178000.0,89867000.0,49586000.0,36705000.0,71700000.0,8638000.0,-228000.0,-2235000.0,,9998000.0,344000.0
GNE,2017-12-31,False,FY,2017,10-K,264202000.0,-6540000.0,-8475000.0,-0.36,-0.36,0.3,125778000.0,90162000.0,54741000.0,29913000.0,67128000.0,9287000.0,-16528000.0,1854000.0,,9998000.0,3292000.0
