symbol,end_date,amend,period_focus,fiscal_year,doc_type,revenues,op_income,net_income,eps_basic,eps_diluted,dividend,assets,cur_assets,cur_liab,cash,equity,cash_flow_op,cash_flow_inv,cash_flow_fin,debt,goodwill,cap_ex
MDGN,2012-09-30,False,Q3,2012,10-Q,,-3081000.0,-3027000.0,-0.25,-0.25,0.0,10336000.0,9618000.0,2164000.0,8999000.0,3214000.0,-5869000.0,-59000.0,52609000.0,,,2073000.0
MDGN,2011-12-31,False,FY,2011,10-K,,-9976000.0,-8096000.0,-0.96,-0.96,0.0,6862000.0,6117000.0,2059000.0,4995000.0,2997000.0,-8017000.0,-299000.0,10452000.0,,,2019000.0
MDGN,2013-06-30,False,Q2,2013,10-Q,,-2443000.0,-2099000.0,-0.11,-0.11,0.0,31493000.0,30797000.0,2326000.0,28979000.0,27067000.0,-6179000.0,-147000.0,81669000.0,,,2224000.0
GNMX,2018-09-30,False,Q3,2018,10-Q,,-7299000.0,-7249000.0,-0.12,-0.12,0.0,20187000.0,20140000.0,6435000.0,19602000.0,13752000.0,-19122000.0,0.0,4995000.0,,,
MDGN,2012-12-31,False,FY,2012,10-K,,-12628000.0,-15071000.0,-1.37,-1.37,0.0,7707000.0,6970000.0,2350000.0,6431000.0,1934000.0,-8614000.0,-68000.0,10118000.0,,,2082000.0
MDGN,2013-03-31,False,Q1,2013,10-Q,,-4577000.0,-3679000.0,-0.24,-0.29,0.0,33659000.0,33035000.0,2669000.0,32463000.0,28544000.0,-2800000.0,-42000.0,28874000.0,,,2119000.0
MDGN,2012-06-30,False,Q2,2012,10-Q,,-3949000.0,-6912000.0,-0.69,-0.69,0.0,11470000.0,10742000.0,2166000.0,9040000.0,3810000.0,-4340000.0,-50000.0,51112000.0,,,2064000.0
MDGN,2013-09-30,False,Q3,2013,10-Q,,-4904000.0,-6143000.0,-0.33,-0.33,0.0,28320000.0,27800000.0,3588000.0,26791000.0,21948000.0,-8355000.0,-159000.0,81669000.0,,,2241000.0
MDGN,2014-06-30,False,Q2,2014,10-Q,,-3637000.0,-3840000.0,-0.21,-0.21,0.0,18051000.0,17426000.0,2368000.0,16429000.0,13699000.0,6679000.0,-233000.0,951000.0,,,233000.0
MDGN,2013-12-31,False,FY,2013,10-K,,-17818000.0,-17129000.0,-0.97,-1.06,0.0,23087000.0,22592000.0,3014000.0,22390000.0,18423000.0,-12732000.0,-183000.0,28874000.0,,,2268000.0
MDGN,2012-03-31,False,Q1,2012,10-Q,,-1929000.0,-2712000.0,-0.28,-0.28,0.0,5201000.0,4400000.0,1970000.0,2593000.0,535000.0,-2362000.0,-40000.0,0.0,,,2055000.0
MDGN,2014-09-30,False,Q3,2014,10-Q,,-3870000.0,-3040000.0,-0.16,-0.21,0.0,15873000.0,15217000.0,2523000.0,14706000.0,12312000.0,8590000.0,-289000.0,1195000.0,,,289000.0
MDGN,2011-06-30,False,Q2,2011,10-Q,,-2093000.0,-2323000.0,-0.257,-0.257,0.0,11922000.0,11142000.0,2141000.0,10116000.0,7314000.0,-2997000.0,-173000.0,42652000.0,,,1901000.0
MDGN,2014-03-31,False,Q1,2014,10-Q,,-5235000.0,-5357000.0,-0.28,-0.28,0.0,20251000.0,19773000.0,2877000.0,19141000.0,15594000.0,3989000.0,-24000.0,764000.0,,,2292000.0
MDGN,2015-03-31,False,Q1,2015,10-Q,,-7848000.0,-8922000.0,-0.36,-0.36,0.0,27412000.0,26762000.0,1480000.0,25159000.0,23899000.0,8143000.0,-18000.0,32000.0,,,18000.0
MDGN,2014-12-31,False,FY,2014,10-K,,-18939000.0,-18433000.0,-0.96,-1.0,0.0,34280000.0,33603000.0,3638000.0,33288000.0,29662000.0,-12195000.0,-363000.0,23456000.0,,,364000.0
MDGN,2011-09-30,False,Q3,2011,10-Q,,-3230000.0,-3424000.0,-0.35,-0.35,0.0,9701000.0,8868000.0,2341000.0,7570000.0,4679000.0,-5457000.0,-259000.0,42652000.0,,,1980000.0
MDGN,2015-06-30,False,Q2,2015,10-Q,,-6917000.0,-6086000.0,-0.24,-0.28,0.0,24756000.0,24116000.0,2586000.0,22012000.0,20990000.0,-11636000.0,-100000.0,460000.0,,,100000.0
MDGN,2015-09-30,False,Q3,2015,10-Q,,-15367000.0,-16521000.0,-0.66,-0.66,0.0,19590000.0,18820000.0,10243000.0,17725000.0,9181000.0,-16878000.0,-113000.0,1428000.0,,,113000.0
MDGN,2015-12-31,False,FY,2015,10-K,,-36568000.0,-37992000.0,-1.42,-1.45,0.0,54258000.0,53811000.0,3908000.0,53064000.0,50350000.0,-24347000.0,-187000.0,44310000.0,,,187000.0
GNMX,2017-06-30,False,Q2,2017,10-Q,,-8036000.0,-8033000.0,-0.22,-0.22,0.0,22740000.0,22432000.0,4917000.0,21357000.0,17823000.0,-18500000.0,0.0,19000.0,,,0.0
MDGN,2016-09-30,False,Q3,2016,10-Q,,-10571000.0,-10570000.0,0.29,0.29,0.0,48330000.0,47846000.0,5496000.0,47257000.0,42834000.0,-25271000.0,-260000.0,19724000.0,,,260000.0
MDGN,2016-06-30,False,Q2,2016,10-Q,,-11686000.0,-11707000.0,0.35,0.35,0.0,55304000.0,54781000.0,3927000.0,53686000.0,51377000.0,-18938000.0,-190000.0,19750000.0,,,190000.0
MDGN,2016-03-31,False,Q1,2016,10-Q,,-11142000.0,-11144000.0,-0.34,-0.34,0.0,45161000.0,44679000.0,3555000.0,43892000.0,41606000.0,-9108000.0,-64000.0,0.0,,,64000.0
GNMX,2017-09-30,False,Q3,2017,10-Q,,-8569000.0,-8605000.0,-0.23,-0.23,0.0,16949000.0,15914000.0,6857000.0,14960000.0,10092000.0,-24904000.0,152000.0,-126000.0,,,0.0
GNMX,2016-12-31,False,FY,2016,10-K,,-41879000.0,-41904000.0,1.19,1.19,0.0,40561000.0,40173000.0,5583000.0,39838000.0,34978000.0,-32749000.0,-221000.0,19744000.0,,,221000.0
GNMX,2017-03-31,False,Q1,2017,10-Q,,-10935000.0,-10917000.0,-0.29,-0.29,0.0,30532000.0,30185000.0,5450000.0,29203000.0,25082000.0,-10654000.0,0.0,19000.0,,,0.0
GNMX,2018-03-31,False,Q1,2018,10-Q,,-8735000.0,-8709000.0,-0.15,-0.15,0.0,27434000.0,27321000.0,4739000.0,26520000.0,22695000.0,-7243000.0,0.0,34000.0,,,0.0
GNMX,2017-12-31,False,FY,2017,10-K,,-34700000.0,-34714000.0,-0.83,-0.83,0.0,34761000.0,34622000.0,4140000.0,33729000.0,30621000.0,-33246000.0,148000.0,26989000.0,,,4000.0
GNMX,2018-06-30,False,Q2,2018,10-Q,,-8251000.0,-8191000.0,-0.14,-0.14,0.0,20233000.0,20006000.0,4943000.0,19151000.0,15290000.0,-14449000.0,0.0,-129000.0,,,0.0
