symbol,end_date,amend,period_focus,fiscal_year,doc_type,revenues,op_income,net_income,eps_basic,eps_diluted,dividend,assets,cur_assets,cur_liab,cash,equity,cash_flow_op,cash_flow_inv,cash_flow_fin,debt,goodwill,cap_ex
GNTX,2016-12-31,False,FY,2016,10-K,1678924756.0,511742935.0,347591276.0,1.21,1.19,0.355,2309619833.0,1154989029.0,149857979.0,546477075.0,1910424234.0,471464794.0,-251446108.0,-225099138.0,178125000.0,307365845.0,120955614.0
GNTX,2015-12-31,False,FY,2015,10-K,1543617706.0,458766439.0,318469859.0,1.09,1.08,0.335,2148672928.0,984008792.0,131006546.0,551557527.0,1722516761.0,351578425.0,-89737661.0,-207713041.0,225625000.0,307365845.0,97941762.0
GNTX,2015-09-30,False,Q3,2015,10-Q,389829139.0,116262620.0,78332425.0,0.27,0.27,0.085,2124011371.0,979203221.0,181629886.0,564528197.0,1671095601.0,283161580.0,-52807537.0,-163255650.0,227500000.0,307365845.0,62282827.0
GNTX,2015-03-31,False,Q1,2015,10-Q,368937455.0,107708506.0,77183441.0,0.26,0.26,0.08,2091435105.0,930766861.0,163702407.0,549911648.0,1613482456.0,107951846.0,-15130941.0,-40339061.0,256250000.0,307365845.0,15160355.0
GNTX,2016-03-31,False,Q1,2016,10-Q,405567786.0,120848990.0,80279994.0,0.28,0.28,0.085,2197312121.0,1060145530.0,195323204.0,626470720.0,1748955089.0,151441164.0,-1413636.0,-75114335.0,208750000.0,307400000.0,20329035.0
GNTX,2015-06-30,False,Q2,2015,10-Q,379258477.0,108132830.0,74558437.0,0.25,0.25,0.085,2112541030.0,955212123.0,155308717.0,569896553.0,1647004706.0,191887721.0,-33808429.0,-85612543.0,254375000.0,307365845.0,33589833.0
GNTX,2017-09-30,False,Q3,2017,10-Q,438627786.0,129072652.0,90230335.0,0.32,0.31,0.1,2371631194.0,1203861495.0,264922840.0,561999767.0,2026265199.0,352556094.0,-80560431.0,-256472971.0,0.0,307400000.0,86111836.0
GNTX,2016-09-30,False,Q3,2016,10-Q,429643276.0,134212281.0,92064646.0,0.32,0.32,0.09,2258273672.0,1108816120.0,156479263.0,534518281.0,1856265390.0,353024801.0,-200320613.0,-169743434.0,195000000.0,307400000.0,91497229.0
GNTX,2016-06-30,False,Q2,2016,10-Q,423800778.0,128745721.0,86485242.0,0.3,0.3,0.09,2207259206.0,1055603901.0,169083833.0,499493964.0,1784923178.0,253471126.0,-176116914.0,-129417775.0,206875000.0,307400000.0,54832532.0
GNTX,2010-12-31,False,FY,2010,10-K,816263414.0,190972069.0,137733969.0,0.99,0.98,0.44,1002690639.0,655269274.0,72088629.0,348349773.0,893530826.0,128133686.0,-124586493.0,8694134.0,,,
GNTX,2017-03-31,False,Q1,2017,10-Q,453535250.0,134427120.0,97556741.0,0.34,0.33,0.09,2363292666.0,1194557673.0,274355864.0,559645625.0,1974771538.0,131191171.0,-36502091.0,-81520530.0,36250000.0,307400000.0,27119993.0
GNTX,2017-06-30,False,Q2,2017,10-Q,443139073.0,125864514.0,88535947.0,0.31,0.31,0.1,2364093796.0,1204698551.0,271140517.0,580579352.0,2003936423.0,263557719.0,-57282262.0,-172173180.0,9375000.0,307400000.0,56218870.0
GNTX,2017-12-31,False,FY,2017,10-K,1794872578.0,523358352.0,406791922.0,1.42,1.41,0.39,2352053912.0,1184563823.0,243647007.0,569734496.0,2049518261.0,501002780.0,-77712570.0,-400032789.0,0.0,307365845.0,104040919.0
GNTX,2010-09-30,False,Q3,2010,10-Q,206832953.0,46972297.0,34291244.0,0.25,0.24,0.11,942282627.0,608525276.0,83368650.0,303717898.0,829848489.0,92108704.0,-110865059.0,-13634193.0,,,
GNTX,2011-06-30,False,Q2,2011,10-Q,243001541.0,53246892.0,38472169.0,0.27,0.27,0.12,1114019908.0,725644650.0,103801515.0,444619932.0,963700994.0,104615030.0,7061007.0,-15405878.0,,,
GNTX,2010-06-30,False,Q2,2010,10-Q,201560960.0,48786759.0,34057330.0,0.24,0.24,0.11,900402966.0,577353198.0,83508936.0,295234858.0,793218133.0,67105808.0,-103310297.0,-4669099.0,,,
GNTX,2011-03-31,False,Q1,2011,10-Q,250945897.0,60090874.0,42332882.0,0.3,0.29,0.12,1091912967.0,722835545.0,115338640.0,440321896.0,934958451.0,77375543.0,20860421.0,-6263841.0,,,
GNTX,2012-03-31,False,Q1,2012,10-Q,290706762.0,65500963.0,46344584.0,0.32,0.32,0.13,1255147206.0,786267964.0,130104599.0,370804725.0,1070271172.0,61131521.0,-33809644.0,-14503926.0,,,39824858.0
GNTX,2012-09-30,False,Q3,2012,10-Q,268248089.0,57623355.0,41877083.0,0.29,0.29,0.13,1254904329.0,739741466.0,104257581.0,381101955.0,1092645247.0,176449443.0,-73846857.0,-79487405.0,,,97597283.0
GNTX,2011-09-30,False,Q3,2011,10-Q,269467967.0,62246780.0,43397064.0,0.3,0.3,0.12,1134543461.0,758202570.0,116748083.0,397105404.0,983618617.0,125431938.0,-51898887.0,-24777420.0,,,84994919.0
GNTX,2012-06-30,False,Q2,2012,10-Q,280255548.0,57512232.0,40766539.0,0.28,0.28,0.13,1254026027.0,776741088.0,106012283.0,375707033.0,1094690058.0,101528917.0,-55798971.0,-28009687.0,,,69424380.0
GNTX,2011-12-31,False,FY,2011,10-K,1023762049.0,231367925.0,164668228.0,1.16,1.14,0.48,1176027002.0,752292984.0,100694500.0,357986774.0,1027118521.0,141668665.0,-103526990.0,-28504674.0,,,120177730.0
GNTX,2013-06-30,False,Q2,2013,10-Q,286973898.0,71596271.0,52097397.0,0.36,0.36,0.14,1366277015.0,855471597.0,103883711.0,502721765.0,1207009670.0,172285546.0,-38067397.0,-21175048.0,,,24067012.0
GNTX,2013-03-31,False,Q1,2013,10-Q,269498969.0,63853639.0,45430567.0,0.32,0.32,0.14,1330132276.0,795257475.0,109655312.0,442552961.0,1162447828.0,97422534.0,-32881808.0,-11666429.0,,,12674970.0
GNTX,2014-09-30,False,Q3,2014,10-Q,350913912.0,103205827.0,72336883.0,0.5,0.49,0.16,1950432392.0,799979786.0,143113179.0,433486636.0,1497515071.0,227453833.0,-45524840.0,-58034081.0,260000000.0,307365845.0,49994352.0
GNTX,2014-03-31,False,Q1,2014,10-Q,335739344.0,97177546.0,68566071.0,0.47,0.47,0.14,1865052923.0,703600975.0,167121024.0,374688291.0,1384923081.0,97721946.0,-17299667.0,-15325712.0,263750000.0,307365845.0,16417890.0
GNTX,2012-12-31,False,FY,2012,10-K,1099559521.0,234455232.0,168586840.0,1.18,1.17,0.52,1265691335.0,744663040.0,87957442.0,389678664.0,1120960556.0,257846054.0,-132074244.0,-94079920.0,,,117474449.0
GNTX,2013-09-30,False,Q3,2013,10-Q,288621626.0,73656246.0,55520961.0,0.39,0.38,0.14,1697128163.0,523851649.0,120590431.0,226676955.0,1255307437.0,223665953.0,-626617808.0,239950146.0,267500000.0,337670463.0,38026769.0
GNTX,2014-12-31,False,FY,2014,10-K,1375501159.0,398834174.0,288604579.0,0.99,0.98,0.31,2022540029.0,856637694.0,133431163.0,497429804.0,1571412445.0,327223109.0,-79713483.0,-59671546.0,258125000.0,307365845.0,72518987.0
GNTX,2014-06-30,False,Q2,2014,10-Q,338436964.0,99835438.0,76726746.0,0.53,0.52,0.16,1890034079.0,733708178.0,128813323.0,391650469.0,1447738313.0,142105586.0,-28469229.0,-31577612.0,261875000.0,307365845.0,30248002.0
GNTX,2013-12-31,False,FY,2013,10-K,1171864171.0,304741813.0,222929949.0,1.55,1.55,0.56,1764088434.0,601186242.0,119980414.0,309591724.0,1327603683.0,317338830.0,-633256619.0,235830849.0,265625000.0,307365845.0,55380457.0
