symbol,end_date,amend,period_focus,fiscal_year,doc_type,revenues,op_income,net_income,eps_basic,eps_diluted,dividend,assets,cur_assets,cur_liab,cash,equity,cash_flow_op,cash_flow_inv,cash_flow_fin,debt,goodwill,cap_ex
GSB,2012-12-31,False,FY,2012,10-K,23372000.0,-1394000.0,-1800000.0,-0.1,-0.1,0.0,33588000.0,12032000.0,11959000.0,8079000.0,12004000.0,3844000.0,-2103000.0,-2523000.0,5724000.0,12712000.0,213000.0
GSB,2018-09-30,False,Q3,2018,10-Q,8980000.0,1372000.0,998000.0,0.05,0.05,0.0,37371000.0,19926000.0,17701000.0,9630000.0,16747000.0,2559000.0,13064000.0,-17576000.0,,12712000.0,143000.0
GSB,2013-06-30,False,Q2,2013,10-Q,5925000.0,628000.0,381000.0,0.02,0.02,0.0,34988000.0,13559000.0,12631000.0,7812000.0,13329000.0,1195000.0,-930000.0,-532000.0,5062000.0,12712000.0,39000.0
GSB,2011-09-30,False,Q3,2011,10-Q,5417000.0,531000.0,611000.0,0.03,0.03,0.0,22967000.0,18525000.0,7312000.0,13404000.0,14261000.0,2270000.0,-123000.0,170000.0,,619000.0,123000.0
GSB,2012-03-31,False,Q1,2012,10-Q,5393000.0,-335000.0,-253000.0,-0.01,-0.01,0.0,37126000.0,13409000.0,12382000.0,7746000.0,14075000.0,-663000.0,-130000.0,-322000.0,,12712000.0,50000.0
GSB,2013-03-31,False,Q1,2013,10-Q,5879000.0,747000.0,517000.0,0.03,0.03,0.0,33376000.0,11840000.0,11252000.0,8056000.0,12717000.0,1007000.0,-705000.0,-325000.0,5395000.0,12712000.0,18000.0
GSB,2012-06-30,False,Q2,2012,10-Q,5702000.0,-72000.0,-140000.0,-0.01,-0.01,0.0,37365000.0,13721000.0,12833000.0,7132000.0,14185000.0,-744000.0,-368000.0,-617000.0,6369000.0,12712000.0,190000.0
GSB,2012-09-30,False,Q3,2012,10-Q,6078000.0,-2789000.0,-2714000.0,-0.15,-0.15,0.0,36034000.0,14694000.0,14175000.0,10253000.0,11786000.0,2866000.0,-568000.0,-906000.0,6048000.0,12712000.0,210000.0
GSB,2011-12-31,False,FY,2011,10-K,20894000.0,791000.0,635000.0,0.04,0.03,0.0,38378000.0,14476000.0,12814000.0,8861000.0,14136000.0,2826000.0,-12391000.0,7339000.0,,12712000.0,201000.0
GSB,2014-03-31,False,Q1,2014,10-Q,5728000.0,807000.0,534000.0,0.03,0.03,0.0,34149000.0,14573000.0,11649000.0,10687000.0,17699000.0,1657000.0,-830000.0,405000.0,4045000.0,12712000.0,63000.0
GSB,2013-09-30,False,Q3,2013,10-Q,6337000.0,1535000.0,2287000.0,0.12,0.12,0.0,33017000.0,13870000.0,12167000.0,9757000.0,15859000.0,3827000.0,-1298000.0,-851000.0,4725000.0,12712000.0,65000.0
GSB,2014-06-30,False,Q2,2014,10-Q,6686000.0,773000.0,488000.0,0.02,0.02,0.0,37886000.0,18241000.0,13611000.0,11693000.0,19305000.0,2634000.0,-1440000.0,1044000.0,3698000.0,12712000.0,124000.0
GSB,2013-12-31,False,FY,2013,10-K,24339000.0,3901000.0,3840000.0,0.21,0.2,0.0,33092000.0,13866000.0,12042000.0,9455000.0,16293000.0,4531000.0,-1600000.0,-1555000.0,4386000.0,12712000.0,139000.0
GSB,2011-06-30,False,Q2,2011,10-Q,5710000.0,715000.0,471000.0,0.03,0.03,0.0,22104000.0,17595000.0,7462000.0,12615000.0,13303000.0,1500000.0,-70000.0,98000.0,,619000.0,70000.0
GSB,2015-03-31,False,Q1,2015,10-Q,6880000.0,1253000.0,815000.0,0.04,0.04,0.0,38434000.0,17750000.0,12983000.0,12345000.0,22090000.0,1447000.0,-759000.0,299000.0,,12712000.0,
GSB,2014-09-30,False,Q3,2014,10-Q,6490000.0,1264000.0,782000.0,0.04,0.04,0.0,36653000.0,16459000.0,12975000.0,9265000.0,20467000.0,4496000.0,-2290000.0,-2396000.0,,12712000.0,215000.0
GSB,2015-09-30,False,Q3,2015,10-Q,7647000.0,1755000.0,1230000.0,0.06,0.06,0.015,42212000.0,20986000.0,14158000.0,12858000.0,24520000.0,3429000.0,-1769000.0,-160000.0,,12712000.0,
GSB,2016-03-31,False,Q1,2016,10-Q,7410000.0,556000.0,407000.0,0.02,0.02,0.015,43712000.0,25446000.0,13816000.0,16324000.0,26137000.0,1223000.0,-594000.0,-190000.0,,12712000.0,90000.0
GSB,2015-06-30,False,Q2,2015,10-Q,7863000.0,1896000.0,1325000.0,0.06,0.06,0.015,39037000.0,18238000.0,12476000.0,12853000.0,23313000.0,2694000.0,-1229000.0,30000.0,,12712000.0,
GSB,2014-12-31,False,FY,2014,10-K,26770000.0,4615000.0,3026000.0,0.15,0.15,0.0,38387000.0,18186000.0,14114000.0,11358000.0,20828000.0,8463000.0,-3162000.0,-3398000.0,,12712000.0,252000.0
GSB,2016-09-30,False,Q3,2016,10-Q,8753000.0,2058000.0,1399000.0,0.07,0.06,0.015,48265000.0,30123000.0,15985000.0,17421000.0,28558000.0,3673000.0,-1515000.0,-622000.0,,12712000.0,168000.0
GSB,2016-06-30,False,Q2,2016,10-Q,8256000.0,1406000.0,954000.0,0.05,0.04,0.015,44851000.0,26782000.0,13564000.0,16990000.0,27425000.0,2457000.0,-992000.0,-360000.0,,12712000.0,113000.0
GSB,2015-12-31,False,FY,2015,10-K,30841000.0,6417000.0,4598000.0,0.22,0.22,0.045,44213000.0,26021000.0,14859000.0,15885000.0,25698000.0,7090000.0,-2188000.0,-375000.0,,12712000.0,152000.0
GSB,2016-12-31,True,FY,2016,10-K,32595000.0,5227000.0,3585000.0,0.17,0.17,0.06,49745000.0,18760000.0,16188000.0,8895000.0,29615000.0,7065000.0,-13880000.0,-175000.0,,12712000.0,226000.0
GSB,2017-06-30,False,Q2,2017,10-Q,8473000.0,645000.0,457000.0,0.02,0.02,0.015,50125000.0,18922000.0,14697000.0,8757000.0,31380000.0,1225000.0,-1169000.0,-194000.0,,12712000.0,231000.0
GSB,2017-03-31,False,Q1,2017,10-Q,8318000.0,1003000.0,751000.0,0.03,0.03,0.015,50261000.0,19150000.0,15763000.0,10400000.0,30717000.0,2389000.0,-650000.0,-234000.0,,12712000.0,188000.0
GSB,2017-03-31,True,Q1,2017,10-Q,8318000.0,1003000.0,751000.0,0.03,0.03,0.015,50261000.0,19150000.0,15763000.0,10400000.0,30717000.0,2389000.0,-650000.0,-234000.0,,12712000.0,188000.0
GSB,2017-09-30,False,Q3,2017,10-Q,8216000.0,395000.0,276000.0,0.01,0.01,0.015,51202000.0,20109000.0,15397000.0,11447000.0,31724000.0,4773000.0,-1713000.0,-508000.0,,12712000.0,249000.0
GSB,2017-03-31,True,Q1,2017,10-Q,8432000.0,1172000.0,831000.0,0.04,0.04,0.015,49590000.0,18596000.0,15255000.0,10400000.0,30548000.0,2390000.0,-650000.0,-235000.0,,12712000.0,188000.0
GSB,2017-12-31,False,FY,2017,10-K,33891000.0,2622000.0,1371000.0,0.06,0.06,0.06,52513000.0,23296000.0,16886000.0,11583000.0,31716000.0,5736000.0,-2212000.0,-836000.0,,12712000.0,286000.0
GSB,2016-12-31,False,FY,2016,10-K,33336000.0,5818000.0,3951000.0,0.19,0.18,0.06,50180000.0,19303000.0,16367000.0,8895000.0,29876000.0,7066000.0,-13880000.0,-176000.0,,12712000.0,226000.0
GSB,2018-03-31,False,Q1,2018,10-Q,7711000.0,-1243000.0,-935000.0,-0.04,-0.04,0.015,51949000.0,22299000.0,16617000.0,11653000.0,32104000.0,826000.0,-429000.0,-327000.0,,12712000.0,27000.0
GSB,2018-06-30,False,Q2,2018,10-Q,8456000.0,849000.0,593000.0,0.03,0.03,0.015,52512000.0,23144000.0,16785000.0,11914000.0,32560000.0,1883000.0,-897000.0,-655000.0,,12712000.0,104000.0
