symbol,end_date,amend,period_focus,fiscal_year,doc_type,revenues,op_income,net_income,eps_basic,eps_diluted,dividend,assets,cur_assets,cur_liab,cash,equity,cash_flow_op,cash_flow_inv,cash_flow_fin,debt,goodwill,cap_ex
GTY,2011-09-30,False,Q3,2011,10-Q,28067000.0,6269000.0,5350000.0,0.15,0.15,0.0,623432000.0,,,14009000.0,399879000.0,52694000.0,-195779000.0,150972000.0,23005000.0,,167475000.0
GTY,2011-06-30,False,Q2,2011,10-Q,27867000.0,16379000.0,15202000.0,0.45,0.45,0.0,636842000.0,,,14941000.0,402751000.0,33311000.0,-196083000.0,171591000.0,23200000.0,,166594000.0
GTY,2018-12-31,False,FY,2018,10-K,136106000.0,68025000.0,47706000.0,1.17,1.17,1.31,1159175000.0,,,46892000.0,581164000.0,63346000.0,-75931000.0,40514000.0,441636000.0,,3794000.0
GTY,2012-03-31,False,Q1,2012,10-Q,31895000.0,7128000.0,6485000.0,0.18,0.18,0.0,643585000.0,,,16087000.0,378831000.0,8257000.0,-31000.0,163000.0,22615000.0,,716000.0
GTY,2012-06-30,False,Q2,2012,10-Q,27475000.0,3495000.0,3599000.0,0.02,0.02,0.0,647926000.0,6018000.0,4048000.0,18492000.0,378450000.0,10436000.0,449000.0,-91000.0,22420000.0,,2465000.0
GTY,2011-12-31,False,FY,2011,10-K,112876000.0,16719000.0,12456000.0,0.34,0.34,0.0,635089000.0,,,7698000.0,372169000.0,61230000.0,-193649000.0,133995000.0,22810000.0,,167495000.0
GTY,2012-09-30,False,Q3,2012,10-Q,23112000.0,4207000.0,-3492000.0,0.05,0.05,0.0,639533000.0,9461000.0,5627000.0,16387000.0,370958000.0,12250000.0,1270000.0,-4831000.0,22225000.0,,2494000.0
GTY,2013-03-31,False,Q1,2013,10-Q,23807000.0,8501000.0,10291000.0,0.17,0.17,0.0,650955000.0,13506000.0,9696000.0,18726000.0,376661000.0,6599000.0,2650000.0,-7399000.0,100000000.0,,197000.0
GTY,2012-12-31,False,FY,2012,10-K,102168000.0,23177000.0,12365000.0,0.41,0.37,0.375,640581000.0,,,16876000.0,372749000.0,15885000.0,3551000.0,-10258000.0,22030000.0,,4148000.0
GTY,2013-09-30,False,Q3,2013,10-Q,29258000.0,18350000.0,41743000.0,0.45,0.45,0.0,689113000.0,16227000.0,10372000.0,4670000.0,418243000.0,38801000.0,-21557000.0,-29450000.0,100000000.0,,73353000.0
GTY,2013-06-30,False,Q2,2013,10-Q,25102000.0,10808000.0,12670000.0,0.23,0.23,0.0,704266000.0,15148000.0,10579000.0,6779000.0,382879000.0,10045000.0,-55055000.0,34913000.0,100000000.0,,72702000.0
GTY,2014-06-30,False,Q2,2014,10-Q,25000000.0,9184000.0,6637000.0,0.2,0.2,0.0,654234000.0,12870000.0,16821000.0,7701000.0,418269000.0,13821000.0,21016000.0,-39171000.0,100000000.0,,2858000.0
GTY,2014-09-30,False,Q3,2014,10-Q,24831000.0,9975000.0,10235000.0,0.26,0.26,0.0,651167000.0,12579000.0,15624000.0,8396000.0,422010000.0,22401000.0,26888000.0,-52928000.0,100000000.0,,6437000.0
GTY,2015-03-31,False,Q1,2015,10-Q,24701000.0,2535000.0,-1137000.0,0.0,0.0,0.0,682780000.0,15167000.0,8501000.0,6640000.0,398713000.0,6322000.0,2896000.0,-5689000.0,100000000.0,,
GTY,2016-03-31,False,Q1,2016,10-Q,28427000.0,11437000.0,7703000.0,0.23,0.23,0.25,893389000.0,,,8112000.0,410349000.0,9441000.0,2405000.0,-7676000.0,50000000.0,,292000.0
GTY,2014-03-31,False,Q1,2014,10-Q,24330000.0,10177000.0,9638000.0,0.23,0.23,0.0,664035000.0,13259000.0,16361000.0,7922000.0,418219000.0,7968000.0,11389000.0,-23470000.0,100000000.0,,9000.0
GTY,2013-12-31,False,FY,2013,10-K,102463000.0,39232000.0,70011000.0,0.82,0.82,0.85,682402000.0,10944000.0,13985000.0,12035000.0,415091000.0,43678000.0,-6847000.0,-41672000.0,100000000.0,,67174000.0
GTY,2016-06-30,False,Q2,2016,10-Q,28608000.0,12218000.0,13576000.0,0.4,0.4,0.0,873691000.0,,,6811000.0,416062000.0,19018000.0,18787000.0,-34936000.0,50000000.0,,293000.0
GTY,2015-09-30,False,Q3,2015,10-Q,29987000.0,11185000.0,7035000.0,0.25,0.25,0.0,906881000.0,,,3756000.0,402253000.0,34355000.0,-209656000.0,175946000.0,175000000.0,,218618000.0
GTY,2014-12-31,False,FY,2014,10-K,99867000.0,28965000.0,23418000.0,0.6,0.6,0.96,687501000.0,13520000.0,13793000.0,3111000.0,407024000.0,29237000.0,23505000.0,-61666000.0,100000000.0,,17238000.0
GTY,2017-06-30,False,Q2,2017,10-Q,29037000.0,14450000.0,15106000.0,0.41,0.41,0.0,887439000.0,,,14447000.0,442015000.0,21784000.0,-15235000.0,-4471000.0,308771000.0,,6000.0
GTY,2017-03-31,False,Q1,2017,10-Q,27648000.0,13356000.0,9704000.0,0.26,0.26,0.28,876174000.0,,,18056000.0,434589000.0,12948000.0,-2001000.0,-5314000.0,298603000.0,,
GTY,2016-09-30,False,Q3,2016,10-Q,28511000.0,12737000.0,8804000.0,0.27,0.27,0.0,871071000.0,,,10187000.0,419835000.0,32951000.0,17937000.0,-44643000.0,50000000.0,,2155000.0
GTY,2015-06-30,False,Q2,2015,10-Q,26242000.0,7772000.0,11619000.0,0.34,0.34,0.0,916590000.0,,,9786000.0,403142000.0,23593000.0,-210811000.0,193893000.0,175000000.0,,216918000.0
GTY,2016-12-31,False,FY,2016,10-K,115266000.0,50199000.0,38411000.0,1.23,1.23,1.03,877306000.0,,,12523000.0,430918000.0,36874000.0,12718000.0,-41011000.0,50000000.0,,298000.0
GTY,2018-03-31,False,Q1,2018,10-Q,32116000.0,14200000.0,10032000.0,0.25,0.25,0.32,1061393000.0,,,18013000.0,551518000.0,17299000.0,1479000.0,-20464000.0,371593000.0,,66000.0
GTY,2015-12-31,False,FY,2015,10-K,110733000.0,34290000.0,37410000.0,1.2,1.2,1.15,899129000.0,,,3942000.0,406561000.0,49688000.0,-204724000.0,155867000.0,50000000.0,,219526000.0
GTY,2017-09-30,False,Q3,2017,10-Q,29464000.0,12733000.0,9340000.0,0.24,0.24,0.28,1004785000.0,,,18040000.0,547844000.0,40199000.0,-137576000.0,103043000.0,318964000.0,,307000.0
GTY,2018-06-30,False,Q2,2018,10-Q,34242000.0,15897000.0,13540000.0,0.33,0.33,0.32,1115281000.0,,,18208000.0,566669000.0,30750000.0,-52287000.0,20111000.0,411214000.0,,68000.0
GTY,2017-12-31,False,FY,2017,10-K,120153000.0,53258000.0,47186000.0,1.2,1.2,1.16,1072754000.0,,,19992000.0,553695000.0,56742000.0,-206217000.0,157094000.0,379158000.0,,434000.0
GTY,2018-09-30,False,Q3,2018,10-Q,34694000.0,17184000.0,10944000.0,0.27,0.27,0.32,1130247000.0,,,18563000.0,572192000.0,46487000.0,-71478000.0,24183000.0,421401000.0,,878000.0
