symbol,end_date,amend,period_focus,fiscal_year,doc_type,revenues,op_income,net_income,eps_basic,eps_diluted,dividend,assets,cur_assets,cur_liab,cash,equity,cash_flow_op,cash_flow_inv,cash_flow_fin,debt,goodwill,cap_ex
HAIN,2011-06-30,False,FY,2011,10-K,1130257000.0,106737000.0,54982000.0,1.27,1.23,0.0,1333504000.0,371066000.0,170685000.0,27517000.0,866703000.0,58658000.0,-55483000.0,7134000.0,230173000.0,568374000.0,11490000.0
HAIN,2018-12-31,False,Q2,2019,10-Q,584156000.0,-15387000.0,-66501000.0,-0.64,-0.64,0.0,2803491000.0,951426000.0,439329000.0,38158000.0,1590943000.0,-1013000.0,-37676000.0,6563000.0,727694000.0,1008787000.0,41539000.0
HAIN,2011-09-30,False,Q1,2012,10-Q,292359000.0,22860000.0,11690000.0,0.27,0.26,0.0,1337509000.0,388267000.0,175209000.0,29377000.0,874941000.0,23325000.0,-2464000.0,-20118000.0,,563210000.0,2545000.0
HAIN,2010-12-31,False,Q2,2011,10-Q,291878000.0,29712000.0,16267000.0,0.38,0.37,0.0,1282036000.0,353282000.0,181867000.0,26308000.0,807179000.0,10650000.0,-18245000.0,16985000.0,,551518000.0,4791000.0
HAIN,2010-09-30,False,Q1,2011,10-Q,257961000.0,18543000.0,9095000.0,0.21,0.21,0.0,1280884000.0,349930000.0,170057000.0,20948000.0,786442000.0,-11977000.0,-17427000.0,33235000.0,,549826000.0,2556000.0
HAIN,2011-12-31,False,Q2,2012,10-Q,385552000.0,34938000.0,20038000.0,0.45,0.44,0.0,1648435000.0,448535000.0,212658000.0,23928000.0,895648000.0,37913000.0,-240324000.0,194827000.0,,683447000.0,6879000.0
HAIN,2011-03-31,False,Q3,2011,10-Q,288386000.0,30820000.0,16772000.0,0.39,0.38,0.0,1325586000.0,361937000.0,191278000.0,25571000.0,839246000.0,40431000.0,-49943000.0,18509000.0,,569181000.0,7842000.0
HAIN,2012-03-31,False,Q3,2012,10-Q,379357000.0,40597000.0,24107000.0,0.54,0.52,0.0,1683250000.0,477908000.0,216427000.0,41164000.0,942528000.0,77720000.0,-249267000.0,181858000.0,,682256000.0,12974000.0
HAIN,2012-06-30,False,FY,2012,10-K,1378247000.0,151528000.0,79225000.0,1.79,1.73,0.0,1673593000.0,448808000.0,202809000.0,29895000.0,964602000.0,121960000.0,-270664000.0,147423000.0,390584000.0,702556000.0,20427000.0
HAIN,2013-03-31,False,Q3,2013,10-Q,456087000.0,51059000.0,40715000.0,0.88,0.85,0.0,2137769000.0,553637000.0,256571000.0,27217000.0,1115836000.0,67864000.0,-323410000.0,251065000.0,634708000.0,883200000.0,49063000.0
HAIN,2012-09-30,False,Q1,2013,10-Q,359807000.0,32276000.0,16386000.0,0.36,0.35,0.0,1699411000.0,455737000.0,210536000.0,36154000.0,1008935000.0,27155000.0,5378000.0,-25648000.0,360498000.0,708849000.0,8306000.0
HAIN,2012-12-31,False,Q2,2013,10-Q,455319000.0,51244000.0,31622000.0,0.69,0.67,0.0,2149268000.0,537869000.0,258460000.0,42571000.0,1105465000.0,61182000.0,-301064000.0,253051000.0,640503000.0,893921000.0,24931000.0
HAIN,2013-12-31,False,Q2,2014,10-Q,534879000.0,64313000.0,41231000.0,0.86,0.84,0.0,2372318000.0,636916000.0,264553000.0,67533000.0,1351120000.0,73488000.0,-13660000.0,-33519000.0,627702000.0,920369000.0,20822000.0
HAIN,2013-09-30,False,Q1,2014,10-Q,477484000.0,39772000.0,27655000.0,0.58,0.57,0.0,2344821000.0,622207000.0,294892000.0,65069000.0,1280275000.0,53608000.0,-11866000.0,-17711000.0,652528000.0,916590000.0,12347000.0
HAIN,2013-06-30,False,FY,2013,10-K,1734683000.0,174312000.0,114656000.0,2.48,2.41,0.0,2258494000.0,575172000.0,274130000.0,41263000.0,1201555000.0,120962000.0,-406136000.0,296137000.0,665941000.0,876106000.0,72877000.0
HAIN,2014-12-31,False,Q2,2015,10-Q,696383000.0,74012000.0,44575000.0,0.44,0.43,0.0,2991703000.0,905365000.0,429343000.0,135227000.0,1620649000.0,54251000.0,-40717000.0,6041000.0,875192000.0,1093589000.0,25766000.0
HAIN,2015-03-31,False,Q3,2015,10-Q,662739000.0,60194000.0,33394000.0,0.33,0.32,0.0,2981199000.0,880904000.0,342686000.0,100325000.0,1627833000.0,70169000.0,-137540000.0,55049000.0,878973000.0,1107328000.0,36312000.0
HAIN,2014-09-30,False,Q1,2015,10-Q,631257000.0,28827000.0,18855000.0,0.37,0.37,0.0,3004829000.0,869410000.0,456270000.0,92658000.0,1606875000.0,2614000.0,-32283000.0,2227000.0,887442000.0,1116972000.0,13260000.0
HAIN,2014-03-31,False,Q3,2014,10-Q,557420000.0,63629000.0,35241000.0,0.71,0.69,0.0,2838052000.0,765185000.0,390364000.0,101422000.0,1549422000.0,122281000.0,-143984000.0,80610000.0,832726000.0,1096525000.0,30724000.0
HAIN,2014-06-30,False,FY,2014,10-K,2153611000.0,227737000.0,139851000.0,2.86,2.8,0.0,2965317000.0,803603000.0,424164000.0,123751000.0,1619867000.0,184768000.0,-206236000.0,100821000.0,867923000.0,1134368000.0,41611000.0
HAIN,2015-06-30,False,FY,2015,10-K,2688515000.0,237745000.0,167896000.0,1.65,1.62,0.0,3097270000.0,933019000.0,362441000.0,166922000.0,1771687000.0,185482000.0,-151300000.0,17167000.0,843883000.0,1136079000.0,51217000.0
HAIN,2015-09-30,False,Q1,2016,10-Q,687188000.0,57468000.0,31302000.0,0.3,,0.0,3152176000.0,964964000.0,376337000.0,147699000.0,1781625000.0,5785000.0,-44746000.0,22463000.0,888522000.0,1142257000.0,19513000.0
HAIN,2016-09-30,False,Q1,2017,10-Q,681464000.0,13751000.0,8604000.0,0.08,0.08,0.0,2966168000.0,895608000.0,351295000.0,113472000.0,1642435000.0,12414000.0,-13553000.0,-11184000.0,851421000.0,1047576000.0,14553000.0
HAIN,2017-03-31,False,Q3,2017,10-Q,706563000.0,47067000.0,31328000.0,0.3,0.3,0.0,2933583000.0,905048000.0,346672000.0,162642000.0,1665523000.0,147952000.0,-37645000.0,-70741000.0,789325000.0,1032583000.0,44064000.0
HAIN,2016-12-31,False,Q2,2017,10-Q,739999000.0,41400000.0,27185000.0,0.26,0.26,0.0,2920942000.0,902389000.0,371432000.0,157125000.0,1617232000.0,112813000.0,-22306000.0,-55308000.0,803060000.0,1027660000.0,28725000.0
HAIN,2017-09-30,False,Q1,2018,10-Q,708276000.0,31483000.0,19846000.0,0.19,0.19,0.0,3031847000.0,944896000.0,377298000.0,126787000.0,1767531000.0,-19438000.0,-14913000.0,11087000.0,764623000.0,1073681000.0,14913000.0
HAIN,2016-06-30,False,FY,2016,10-K,2885374000.0,150360000.0,47429000.0,0.46,0.46,0.0,3008080000.0,900234000.0,357028000.0,127926000.0,1664514000.0,206575000.0,-234345000.0,69000.0,862684000.0,1060336000.0,77284000.0
HAIN,2018-03-31,False,Q3,2018,10-Q,632720000.0,29254000.0,12686000.0,0.12,0.12,0.0,3120524000.0,1155661000.0,413687000.0,117152000.0,1875767000.0,67370000.0,-61308000.0,-31849000.0,749134000.0,1056954000.0,48368000.0
HAIN,2017-12-31,False,Q2,2018,10-Q,775204000.0,36293000.0,47103000.0,0.45,0.45,0.0,3087337000.0,979310000.0,401093000.0,139216000.0,1822546000.0,25426000.0,-44091000.0,7124000.0,767146000.0,1083696000.0,31027000.0
HAIN,2018-06-30,False,FY,2018,10-K,2457769000.0,106040000.0,9694000.0,0.09,0.09,0.0,2946674000.0,1051587000.0,422445000.0,106557000.0,1737049000.0,121308000.0,-82521000.0,-69482000.0,714106000.0,1024136000.0,70891000.0
HAIN,2017-06-30,False,FY,2017,10-K,2853111000.0,110805000.0,67430000.0,0.65,0.65,0.0,2931104000.0,874781000.0,340494000.0,146992000.0,1712832000.0,216624000.0,-76245000.0,-118199000.0,750148000.0,1059981000.0,63120000.0
HAIN,2015-12-31,False,Q2,2016,10-Q,752589000.0,87722000.0,56947000.0,0.55,,0.0,3316860000.0,1001366000.0,411559000.0,177100000.0,1814025000.0,99644000.0,-199041000.0,114331000.0,982014000.0,1219725000.0,41177000.0
HAIN,2018-09-30,False,Q1,2019,10-Q,560833000.0,-24104000.0,-37425000.0,-0.36,-0.36,0.0,2903030000.0,1014861000.0,438213000.0,55871000.0,1685424000.0,-18252000.0,-23199000.0,-8175000.0,721927000.0,1019693000.0,22547000.0
HAIN,2016-03-31,False,Q3,2016,10-Q,749862000.0,69007000.0,48985000.0,0.47,,0.0,3231166000.0,946202000.0,364498000.0,125390000.0,1838867000.0,131854000.0,-215886000.0,47624000.0,917433000.0,1195305000.0,58022000.0
