symbol,end_date,amend,period_focus,fiscal_year,doc_type,revenues,op_income,net_income,eps_basic,eps_diluted,dividend,assets,cur_assets,cur_liab,cash,equity,cash_flow_op,cash_flow_inv,cash_flow_fin,debt,goodwill,cap_ex
HAL,2010-06-30,False,Q2,2010,10-Q,4387000000.0,762000000.0,480000000.0,0.53,0.53,0.09,17540000000.0,9203000000.0,3315000000.0,1160000000.0,9384000000.0,808000000.0,-1595000000.0,-118000000.0,,1132000000.0,855000000.0
HAL,2009-12-31,False,FY,2009,10-K,14675000000.0,1994000000.0,1145000000.0,1.27,1.27,0.0,16538000000.0,8638000000.0,2889000000.0,2082000000.0,8757000000.0,2406000000.0,-3085000000.0,1670000000.0,,1100000000.0,1864000000.0
HAL,2010-03-31,False,Q1,2010,10-Q,3761000000.0,449000000.0,206000000.0,0.23,0.23,0.09,16980000000.0,8814000000.0,3145000000.0,1383000000.0,8960000000.0,317000000.0,-970000000.0,-37000000.0,,1138000000.0,404000000.0
HAL,2010-09-30,False,Q3,2010,10-Q,4665000000.0,818000000.0,544000000.0,0.6,0.6,0.09,18198000000.0,9216000000.0,3333000000.0,1875000000.0,9853000000.0,1362000000.0,-1255000000.0,-296000000.0,,1254000000.0,1412000000.0
HAL,2011-09-30,False,Q3,2011,10-Q,6548000000.0,1332000000.0,683000000.0,0.74,0.74,0.09,21204000000.0,10306000000.0,3656000000.0,1775000000.0,12376000000.0,2366000000.0,-1878000000.0,-88000000.0,,1373000000.0,2164000000.0
HAL,2011-06-30,False,Q2,2011,10-Q,5935000000.0,1161000000.0,739000000.0,0.81,0.8,0.09,19956000000.0,9540000000.0,3166000000.0,1438000000.0,11658000000.0,1388000000.0,-1243000000.0,-85000000.0,,1369000000.0,1423000000.0
HAL,2012-06-30,False,Q2,2012,10-Q,7234000000.0,1201000000.0,737000000.0,0.8,0.79,0.09,25571000000.0,12534000000.0,4440000000.0,2172000000.0,14561000000.0,1135000000.0,-1517000000.0,-142000000.0,,1986000000.0,1651000000.0
HAL,2011-03-31,False,Q1,2011,10-Q,5282000000.0,814000000.0,511000000.0,0.56,0.56,0.09,18990000000.0,9028000000.0,2919000000.0,1030000000.0,10940000000.0,565000000.0,-917000000.0,-9000000.0,,1323000000.0,704000000.0
HAL,2012-09-30,False,Q3,2012,10-Q,7111000000.0,954000000.0,602000000.0,0.65,0.65,0.09,26312000000.0,12766000000.0,4598000000.0,2032000000.0,15191000000.0,1913000000.0,-2458000000.0,-118000000.0,,2075000000.0,2519000000.0
HAL,2013-06-30,False,Q2,2013,10-Q,7317000000.0,984000000.0,644000000.0,0.7,0.69,0.125,27418000000.0,12621000000.0,4777000000.0,1412000000.0,15365000000.0,1471000000.0,-1191000000.0,-1329000000.0,,2116000000.0,1396000000.0
HAL,2013-03-31,False,Q1,2013,10-Q,6974000000.0,-98000000.0,-18000000.0,-0.02,-0.02,0.125,27684000000.0,13152000000.0,4666000000.0,2029000000.0,15737000000.0,349000000.0,-651000000.0,-145000000.0,,2119000000.0,685000000.0
HAL,2011-12-31,False,FY,2011,10-K,24829000000.0,4737000000.0,2839000000.0,3.09,3.08,0.0,23677000000.0,11577000000.0,4121000000.0,2698000000.0,13216000000.0,3684000000.0,-3190000000.0,833000000.0,997000000.0,1776000000.0,2953000000.0
HAL,2012-03-31,False,Q1,2012,10-Q,6868000000.0,1023000000.0,627000000.0,0.68,0.68,0.09,24668000000.0,12018000000.0,4310000000.0,2655000000.0,13864000000.0,734000000.0,-727000000.0,-49000000.0,,1966000000.0,782000000.0
HAL,2010-12-31,False,FY,2010,10-K,17973000000.0,3009000000.0,1835000000.0,2.02,2.01,0.0,18297000000.0,8886000000.0,2757000000.0,1398000000.0,10387000000.0,2212000000.0,-1755000000.0,-1114000000.0,3824000000.0,1315000000.0,2069000000.0
HAL,2012-12-31,False,FY,2012,10-K,28503000000.0,4159000000.0,2635000000.0,2.85,2.84,0.36,27410000000.0,13086000000.0,4752000000.0,2484000000.0,15790000000.0,3654000000.0,-3688000000.0,-172000000.0,,2135000000.0,3566000000.0
HAL,2009-09-30,False,Q3,2009,10-Q,3588000000.0,474000000.0,262000000.0,0.29,0.29,0.09,16337000000.0,8699000000.0,2184000000.0,1675000000.0,8576000000.0,1630000000.0,-2852000000.0,1790000000.0,,1093000000.0,1390000000.0
HAL,2009-06-30,False,Q2,2009,10-Q,3494000000.0,476000000.0,262000000.0,0.29,0.29,0.09,16215000000.0,8008000000.0,2220000000.0,1568000000.0,8324000000.0,1018000000.0,-2420000000.0,1860000000.0,,1068000000.0,950000000.0
HAL,2014-06-30,False,Q2,2014,10-Q,8051000000.0,1194000000.0,774000000.0,0.92,0.91,0.15,30484000000.0,14165000000.0,5369000000.0,2360000000.0,14587000000.0,2075000000.0,-1520000000.0,-524000000.0,,2267000000.0,1375000000.0
HAL,2014-09-30,False,Q3,2014,10-Q,8701000000.0,1634000000.0,1203000000.0,1.42,1.41,0.15,31583000000.0,14847000000.0,5889000000.0,2029000000.0,15518000000.0,2913000000.0,-2332000000.0,-870000000.0,,2312000000.0,2284000000.0
HAL,2013-09-30,False,Q3,2013,10-Q,7472000000.0,1108000000.0,706000000.0,0.79,0.79,0.125,27948000000.0,12890000000.0,4762000000.0,1491000000.0,12818000000.0,2549000000.0,-1867000000.0,-1667000000.0,,2125000000.0,2075000000.0
HAL,2014-03-31,False,Q1,2014,10-Q,7348000000.0,970000000.0,622000000.0,0.73,0.73,0.15,29256000000.0,13486000000.0,4932000000.0,2123000000.0,13752000000.0,954000000.0,-674000000.0,-514000000.0,,2193000000.0,643000000.0
HAL,2015-03-31,False,Q1,2015,10-Q,7050000000.0,-548000000.0,-643000000.0,-0.76,-0.76,0.18,30587000000.0,13825000000.0,5018000000.0,2294000000.0,15623000000.0,812000000.0,-682000000.0,-102000000.0,,2332000000.0,704000000.0
HAL,2015-06-30,False,Q2,2015,10-Q,5919000000.0,254000000.0,54000000.0,0.06,0.06,0.18,30606000000.0,15224000000.0,5005000000.0,2760000000.0,15715000000.0,1995000000.0,-1235000000.0,-243000000.0,,1983000000.0,1223000000.0
HAL,2016-09-30,False,Q3,2016,10-Q,3833000000.0,128000000.0,6000000.0,0.01,0.01,0.18,26755000000.0,11760000000.0,3631000000.0,3289000000.0,9726000000.0,-2762000000.0,-522000000.0,-3451000000.0,12315000000.0,2383000000.0,625000000.0
HAL,2015-09-30,False,Q3,2015,10-Q,5582000000.0,43000000.0,-54000000.0,-0.06,-0.06,0.18,30248000000.0,14919000000.0,5703000000.0,2249000000.0,15480000000.0,2021000000.0,-1724000000.0,-322000000.0,7891000000.0,2124000000.0,1748000000.0
HAL,2016-03-31,False,Q1,2016,10-Q,4198000000.0,-3079000000.0,-2412000000.0,-2.81,-2.81,0.0,33932000000.0,19105000000.0,7412000000.0,9593000000.0,13060000000.0,-171000000.0,-208000000.0,-77000000.0,15393000000.0,2383000000.0,234000000.0
HAL,2013-12-31,False,FY,2013,10-K,29402000000.0,3138000000.0,2125000000.0,2.37,2.36,0.525,29223000000.0,13704000000.0,5026000000.0,2356000000.0,13615000000.0,4447000000.0,-2870000000.0,-1754000000.0,,2168000000.0,2934000000.0
HAL,2017-06-30,False,Q2,2017,10-Q,4957000000.0,146000000.0,28000000.0,0.03,0.03,0.18,25325000000.0,10260000000.0,4068000000.0,2139000000.0,8953000000.0,351000000.0,-545000000.0,-1641000000.0,11152000000.0,2407000000.0,592000000.0
HAL,2017-03-31,False,Q1,2017,10-Q,4279000000.0,203000000.0,-32000000.0,-0.04,-0.04,0.18,24885000000.0,9828000000.0,3842000000.0,2107000000.0,8989000000.0,5000000.0,-237000000.0,-1659000000.0,10909000000.0,2419000000.0,265000000.0
HAL,2014-12-31,False,FY,2014,10-K,32870000000.0,5097000000.0,3500000000.0,4.13,4.11,0.525,32240000000.0,15068000000.0,5883000000.0,2291000000.0,16298000000.0,4062000000.0,-3138000000.0,-1030000000.0,,2330000000.0,3283000000.0
HAL,2015-12-31,False,FY,2015,10-K,23633000000.0,-165000000.0,-671000000.0,-0.79,-0.79,0.72,36942000000.0,21609000000.0,5359000000.0,10077000000.0,15495000000.0,2906000000.0,-2192000000.0,7081000000.0,15346000000.0,2109000000.0,2184000000.0
HAL,2017-09-30,False,Q3,2017,10-Q,5444000000.0,634000000.0,365000000.0,0.42,0.42,0.18,25790000000.0,10144000000.0,4601000000.0,1898000000.0,9246000000.0,1457000000.0,-1507000000.0,-2010000000.0,10938000000.0,2685000000.0,934000000.0
HAL,2016-06-30,False,Q2,2016,10-Q,3835000000.0,-3880000000.0,-3208000000.0,-3.73,-3.73,0.18,27737000000.0,12580000000.0,4478000000.0,3108000000.0,9777000000.0,-3803000000.0,-393000000.0,-2732000000.0,12921000000.0,2383000000.0,447000000.0
HAL,2016-12-31,False,FY,2016,10-K,15887000000.0,-6778000000.0,-5763000000.0,-6.69,-6.69,0.72,27000000000.0,11677000000.0,4023000000.0,4009000000.0,9448000000.0,-1703000000.0,-710000000.0,-3540000000.0,12377000000.0,2414000000.0,798000000.0
HAL,2017-12-31,False,FY,2017,10-K,20620000000.0,1362000000.0,-463000000.0,,-0.53,0.72,25085000000.0,10777000000.0,4862000000.0,2337000000.0,8349000000.0,2468000000.0,-1927000000.0,-2161000000.0,,2693000000.0,1373000000.0
HAL,2018-03-31,False,Q1,2018,10-Q,5740000000.0,354000000.0,46000000.0,0.05,0.05,0.18,25191000000.0,11035000000.0,4969000000.0,2332000000.0,8391000000.0,572000000.0,-374000000.0,-179000000.0,,2707000000.0,501000000.0
HAL,2018-06-30,False,Q2,2018,10-Q,6147000000.0,789000000.0,511000000.0,0.58,0.58,0.18,25765000000.0,11436000000.0,5107000000.0,2058000000.0,8843000000.0,1528000000.0,-1437000000.0,-330000000.0,,2824000000.0,1066000000.0
