symbol,end_date,amend,period_focus,fiscal_year,doc_type,revenues,op_income,net_income,eps_basic,eps_diluted,dividend,assets,cur_assets,cur_liab,cash,equity,cash_flow_op,cash_flow_inv,cash_flow_fin,debt,goodwill,cap_ex
HBMD,2015-06-30,False,Q2,2015,10-Q,10922000.0,,760000.0,0.16,0.16,0.0,746881000.0,,,29006000.0,84627000.0,-24494000.0,-27864000.0,56847000.0,27500000.0,,4432000.0
HBMD,2016-09-30,False,Q3,2016,10-Q,14208000.0,,1748000.0,0.25,0.25,0.0,1014787000.0,,,43878000.0,84891000.0,7869000.0,-67065000.0,64734000.0,26643000.0,603000.0,520000.0
HBMD,2018-09-30,False,Q3,2018,10-Q,26292000.0,,3979000.0,0.21,0.21,0.0,2153419000.0,,,101658000.0,293550000.0,46017000.0,78298000.0,-51629000.0,127596000.0,71824000.0,1943000.0
HBMD,2015-09-30,False,Q3,2015,10-Q,11746000.0,,-817000.0,-0.13,-0.13,0.0,924493000.0,,,18347000.0,92080000.0,-21866000.0,-16005000.0,31701000.0,27851000.0,1132000.0,4633000.0
HBMD,2016-06-30,False,Q2,2016,10-Q,14123000.0,,1532000.0,0.22,0.22,0.0,988818000.0,,,32808000.0,83068000.0,1707000.0,-47785000.0,40546000.0,39226000.0,603000.0,399000.0
HBMD,2016-03-31,False,Q1,2016,10-Q,12464000.0,,903000.0,0.13,0.13,0.0,990438000.0,,,54971000.0,93946000.0,10651000.0,-37236000.0,43216000.0,36185000.0,603000.0,297000.0
HBMD,2014-12-31,False,FY,2014,10-K,46616000.0,,10286000.0,2.53,2.48,0.0,691416000.0,,,24517000.0,59643000.0,-31112000.0,11413000.0,8480000.0,19000000.0,,2010000.0
HBMD,2017-03-31,False,Q1,2017,10-Q,14327000.0,,1566000.0,0.18,0.18,0.0,1048752000.0,,,48484000.0,126011000.0,21238000.0,-30570000.0,18450000.0,9029000.0,603000.0,101000.0
HBMD,2016-12-31,False,FY,2016,10-K,53523000.0,,5137000.0,0.74,0.73,0.0,1026957000.0,,,39366000.0,85790000.0,2839000.0,-79192000.0,77379000.0,20517000.0,603000.0,627000.0
HBMD,2015-12-31,False,FY,2015,10-K,45276000.0,,1016000.0,0.16,0.16,0.0,946759000.0,,,38340000.0,92899000.0,-7432000.0,-33763000.0,55018000.0,29707000.0,603000.0,5273000.0
HBMD,2017-12-31,False,FY,2017,10-K,62550000.0,,7200000.0,0.75,0.75,0.0,1149950000.0,,,28972000.0,132253000.0,16902000.0,-142514000.0,115218000.0,18535000.0,603000.0,409000.0
HBMD,2018-03-31,False,Q1,2018,10-Q,19064000.0,,-5675000.0,-0.43,-0.43,0.0,2124701000.0,,,77538000.0,291708000.0,-3038000.0,133826000.0,-82222000.0,72555000.0,72001000.0,521000.0
HBMD,2017-09-30,False,Q3,2017,10-Q,16216000.0,,1713000.0,0.17,0.17,0.0,1132533000.0,,,51210000.0,130313000.0,4380000.0,-91959000.0,99423000.0,6552000.0,603000.0,450000.0
HBMD,2017-06-30,False,Q2,2017,10-Q,16000000.0,,2038000.0,0.21,0.21,0.0,1104322000.0,,,41830000.0,128388000.0,2228000.0,-73092000.0,73328000.0,6541000.0,603000.0,184000.0
HBMD,2012-06-30,False,Q2,2012,10-Q,4046000.0,,238000.0,0.09,0.09,0.0,356142000.0,,,21110000.0,37103000.0,2678000.0,-32125000.0,32352000.0,6000000.0,,548000.0
HBMD,2013-03-31,False,Q1,2013,10-Q,4316000.0,,414000.0,0.1,0.1,0.0,407321000.0,,,35191000.0,47127000.0,844000.0,-7268000.0,5254000.0,14000000.0,,11000.0
HBMD,2012-09-30,False,Q3,2012,10-Q,4114000.0,,230000.0,0.06,0.06,0.0,368481000.0,,,18336000.0,46322000.0,4195000.0,-47991000.0,43927000.0,6000000.0,,555000.0
HBMD,2012-03-31,False,Q1,2012,10-Q,3895000.0,,242000.0,0.09,0.09,0.0,347820000.0,,,32920000.0,36865000.0,771000.0,-10353000.0,24297000.0,6000000.0,,250000.0
HBMD,2012-09-30,False,Q3,2012,10-Q,4114000.0,,230000.0,0.06,0.06,0.0,368481000.0,,,18336000.0,46322000.0,4195000.0,-47991000.0,43927000.0,6000000.0,,555000.0
HBMD,2012-12-31,False,FY,2012,10-K,16305000.0,,1005000.0,0.31,0.31,0.0,401675000.0,,,36361000.0,46721000.0,3995000.0,-62423000.0,76584000.0,12000000.0,,612000.0
HBMD,2015-03-31,False,Q1,2015,10-Q,9775000.0,,618000.0,0.15,0.15,0.0,710480000.0,,,28546000.0,60384000.0,-8256000.0,-7205000.0,19490000.0,19500000.0,,189000.0
HBMD,2013-06-30,False,Q2,2013,10-Q,4475000.0,,481000.0,0.12,0.12,0.0,414896000.0,,,23807000.0,47633000.0,916000.0,-26074000.0,12604000.0,22000000.0,,57000.0
HBMD,2018-06-30,False,Q2,2018,10-Q,26782000.0,,-2277000.0,-0.12,-0.12,0.0,2182249000.0,,,107961000.0,289470000.0,15496000.0,85308000.0,-21815000.0,127575000.0,71278000.0,1773000.0
HBMD,2013-09-30,False,Q3,2013,10-Q,4974000.0,,376000.0,0.09,0.09,0.0,466918000.0,,,19414000.0,48036000.0,2774000.0,-48225000.0,28504000.0,18000000.0,,416000.0
HBMD,2014-03-31,False,Q1,2014,10-Q,5566000.0,,235000.0,0.06,0.06,0.0,508011000.0,,,24976000.0,48888000.0,-12291000.0,-6395000.0,7926000.0,21500000.0,,594000.0
HBMD,2014-09-30,False,Q3,2014,10-Q,7988000.0,,205000.0,0.05,0.05,0.0,574368000.0,,,17671000.0,50379000.0,-30907000.0,-41147000.0,53989000.0,19000000.0,,1213000.0
HBMD,2014-06-30,False,Q2,2014,10-Q,7456000.0,,705000.0,0.17,0.17,0.0,533535000.0,,,26571000.0,49629000.0,-23060000.0,-18027000.0,31922000.0,23500000.0,,1028000.0
HBMD,2013-12-31,False,FY,2013,10-K,19035000.0,,1796000.0,0.44,0.44,0.0,499918000.0,,,35736000.0,48624000.0,740000.0,-62621000.0,61256000.0,16000000.0,,1033000.0
