symbol,end_date,amend,period_focus,fiscal_year,doc_type,revenues,op_income,net_income,eps_basic,eps_diluted,dividend,assets,cur_assets,cur_liab,cash,equity,cash_flow_op,cash_flow_inv,cash_flow_fin,debt,goodwill,cap_ex
HGSH,2018-12-31,False,Q1,2019,10-Q,7737196.0,1030995.0,484210.0,0.01,0.01,0.0,361505125.0,132858780.0,143610487.0,1020954.0,161983288.0,3069994.0,0.0,-4776007.0,95927839.0,,0.0
HGSH,2011-06-30,False,Q3,2011,10-Q,,6569612.0,6402548.0,0.14,0.14,0.0,110450274.0,53826781.0,28234641.0,2641578.0,68360429.0,-16886907.0,-20567.0,6685210.0,,,20567.0
HGSH,2011-09-30,False,FY,2011,10-K,,19819942.0,18719938.0,0.42,0.42,0.0,108283425.0,60160295.0,27636454.0,8837795.0,69648898.0,-5586447.0,,1810000.0,,,490755.0
HGSH,2013-06-30,False,Q2,2013,10-Q,,2408248.0,2262545.0,0.05,0.05,0.0,152077150.0,25652150.0,29746253.0,2888796.0,91275107.0,1734777.0,,0.0,,,
HGSH,2011-12-31,False,Q1,2012,10-Q,,1082963.0,1030462.0,0.02,0.02,0.0,109827279.0,60916858.0,26008515.0,365606.0,71036124.0,-8497984.0,,,,,
HGSH,2012-03-31,False,Q2,2012,10-Q,,1011233.0,945251.0,0.02,0.02,0.0,114214631.0,66093536.0,28379798.0,1053404.0,72445694.0,-7853055.0,,,,,
HGSH,2013-03-31,False,Q2,2013,10-Q,,6140765.0,5766720.0,0.13,0.13,0.0,135528628.0,28520641.0,26297226.0,712193.0,87672861.0,-400712.0,,0.0,,,
HGSH,2012-12-31,False,Q1,2013,10-Q,,5740389.0,5509077.0,0.12,0.12,0.0,128516872.0,36398165.0,27652784.0,523868.0,81435318.0,-585177.0,,0.0,,,
HGSH,2012-06-30,False,Q3,2012,10-Q,,1408062.0,1333329.0,0.03,0.03,0.0,116701873.0,63194538.0,28430981.0,1797997.0,73845330.0,-7119346.0,,,,,
HGSH,2012-09-30,False,FY,2012,10-K,,5520119.0,5176093.0,0.11,0.11,0.0,119714654.0,33069276.0,25392558.0,1104686.0,75713844.0,-7838690.0,0.0,0.0,,,0.0
HGSH,2013-12-31,False,Q1,2014,10-Q,958212.0,3393455.0,3057117.0,0.07,0.07,0.0,205499736.0,23707566.0,63824614.0,3233673.0,102613645.0,-15149200.0,,12487554.0,,,
HGSH,2014-03-31,False,Q2,2014,10-Q,3180000.0,14667647.0,13448579.0,0.3,0.3,0.0,229354341.0,20128240.0,78814945.0,2843953.0,115122556.0,-18799939.0,,15769262.0,,,
HGSH,2014-12-31,False,Q1,2015,10-Q,3220239.0,1877987.0,1625990.0,0.04,0.04,0.0,299401263.0,158572470.0,151006669.0,1430506.0,133041544.0,-6651925.0,,6955644.0,,,
HGSH,2014-06-30,False,Q3,2014,10-Q,2323962.0,8856793.0,8161271.0,0.18,0.18,0.0,260773533.0,18654563.0,96570682.0,2672883.0,123408114.0,-30345946.0,,27149544.0,,,
HGSH,2015-03-31,False,Q2,2015,10-Q,3746058.0,9850439.0,9270101.0,0.21,0.21,0.0,297046106.0,148806612.0,141708855.0,1018455.0,142904911.0,4532396.0,,-4645370.0,,,
HGSH,2013-09-30,False,FY,2013,10-K,650067.0,22277690.0,20791565.0,0.46,0.46,0.0,177827914.0,23054523.0,52197385.0,5878101.0,99149164.0,-12018488.0,,16046213.0,,,
HGSH,2015-09-30,False,FY,2015,10-K,4711161.0,33440271.0,31427626.0,0.7,0.7,0.0,298440438.0,145648111.0,111304511.0,1333919.0,157475144.0,10252609.0,,-10000865.0,15731186.0,,
HGSH,2016-09-30,False,FY,2016,10-K,5107087.0,6218324.0,5018940.0,0.11,0.11,0.0,356388816.0,135693969.0,84471668.0,6401237.0,154948941.0,-76948063.0,-125023.0,82311136.0,93975338.0,,125023.0
HGSH,2016-06-30,False,Q3,2016,10-Q,4882100.0,2784626.0,2444161.0,0.05,0.05,0.0,325229844.0,134137238.0,83622835.0,2085365.0,155661283.0,-50377317.0,-8010.0,51214051.0,64322132.0,,8010.0
HGSH,2014-09-30,False,FY,2014,10-K,3171932.0,35313168.0,32444757.0,0.72,0.72,0.0,301213564.0,162820585.0,155658980.0,1125545.0,131228793.0,-26723054.0,,21978570.0,,,
HGSH,2015-06-30,False,Q3,2015,10-Q,4389695.0,14373497.0,13709589.0,0.3,0.3,0.0,295030610.0,144525844.0,124366368.0,3784384.0,156921440.0,13057203.0,,-10415987.0,,,
HGSH,2016-03-31,False,Q2,2016,10-Q,4798516.0,1535637.0,1300041.0,0.03,0.03,0.0,313090671.0,141305317.0,90838826.0,1645683.0,157947631.0,-23618279.0,,23948386.0,49334131.0,,
HGSH,2015-12-31,False,Q1,2016,10-Q,4678534.0,1667066.0,1427224.0,0.03,0.03,0.0,297906278.0,140769487.0,102761173.0,1182817.0,155578151.0,-6577670.0,,6452337.0,472912.0,,
HGSH,2017-03-31,False,Q2,2017,10-Q,4949824.0,1223053.0,823082.0,0.02,0.02,0.0,372645374.0,206553612.0,83674460.0,2290389.0,151695349.0,-31241323.0,,27314414.0,100153982.0,,
HGSH,2016-12-31,False,Q1,2017,10-Q,4905919.0,1105253.0,762132.0,0.02,0.02,0.0,363277746.0,213817507.0,86048686.0,10249072.0,149499982.0,-17644432.0,,21811681.0,99265621.0,,
HGSH,2017-09-30,False,FY,2017,10-K,57455464.0,8119389.0,6329114.0,0.14,0.14,0.0,379652589.0,185280001.0,110040028.0,3431997.0,161889366.0,-23039021.0,-97524.0,20219912.0,97473417.0,,97524.0
HGSH,2017-06-30,False,Q3,2017,10-Q,5113166.0,2006960.0,1574804.0,0.03,0.03,0.0,368538182.0,196541183.0,104164594.0,3294128.0,155662878.0,-22737925.0,-89579.0,19858101.0,95661778.0,,89579.0
HGSH,2018-03-31,False,Q2,2018,10-Q,574844.0,2882242.0,2039170.0,0.05,0.05,0.0,399007565.0,170983383.0,125370970.0,4323993.0,175237071.0,3628694.0,-398269.0,-1210990.0,102479018.0,,398269.0
HGSH,2018-06-30,False,Q3,2018,10-Q,14551834.0,4628460.0,3379929.0,0.08,0.08,0.0,378049440.0,152381270.0,134422449.0,2723332.0,169282912.0,3943156.0,-371640.0,-2952794.0,95282720.0,,371640.0
HGSH,2017-12-31,False,Q1,2018,10-Q,332918.0,1747643.0,1205272.0,0.03,0.03,0.0,387892033.0,181273663.0,122632316.0,2694175.0,166838625.0,1905114.0,-390392.0,-985922.0,98798071.0,,390392.0
HGSH,2018-09-30,False,FY,2018,10-K,65487296.0,12222592.0,5242917.0,0.12,0.12,0.0,368396678.0,139895100.0,129611698.0,3267020.0,161677836.0,2465207.0,0.0,-1064020.0,96472714.0,,0.0
