symbol,end_date,amend,period_focus,fiscal_year,doc_type,revenues,op_income,net_income,eps_basic,eps_diluted,dividend,assets,cur_assets,cur_liab,cash,equity,cash_flow_op,cash_flow_inv,cash_flow_fin,debt,goodwill,cap_ex
HI,2018-12-31,False,Q1,2019,10-Q,410300000.0,,28300000.0,0.45,0.45,0.21,1870200000.0,613400000.0,510500000.0,64800000.0,747400000.0,35500000.0,-29800000.0,2800000.0,364800000.0,587300000.0,3600000.0
HI,2011-12-31,False,Q1,2012,10-Q,231600000.0,33400000.0,31300000.0,0.5,0.5,0.1925,1165600000.0,378600000.0,119100000.0,122500000.0,458400000.0,27000000.0,-4200000.0,-13600000.0,,297600000.0,4200000.0
HI,2010-12-31,False,Q1,2011,10-Q,211000000.0,42100000.0,27100000.0,0.44,0.44,0.19,1094400000.0,361200000.0,111600000.0,136000000.0,400500000.0,27800000.0,-1800000.0,8300000.0,,,3500000.0
HI,2011-03-31,False,Q2,2011,10-Q,230000000.0,47800000.0,33000000.0,0.53,0.53,0.19,1119900000.0,397400000.0,109500000.0,160300000.0,430900000.0,53200000.0,6600000.0,-2800000.0,,,8100000.0
HI,2011-06-30,False,Q3,2011,10-Q,211200000.0,34900000.0,22500000.0,0.36,0.36,0.19,1010200000.0,428500000.0,115600000.0,198300000.0,464300000.0,155300000.0,98700000.0,-165500000.0,,204300000.0,11400000.0
HI,2010-06-30,True,Q3,2010,10-Q,205800000.0,19800000.0,13300000.0,0.22,0.22,0.1875,1034400000.0,317600000.0,162300000.0,82200000.0,349300000.0,117000000.0,-356800000.0,287900000.0,,,-10200000.0
HI,2011-09-30,False,FY,2011,10-K,883400000.0,158600000.0,106100000.0,1.71,1.71,0.76,1180700000.0,380100000.0,136200000.0,115500000.0,443100000.0,189500000.0,-154500000.0,-22000000.0,,300000000.0,21900000.0
HI,2010-09-30,False,FY,2010,10-K,749200000.0,137900000.0,92300000.0,1.49,1.49,0.75,1052100000.0,322800000.0,118000000.0,98400000.0,371900000.0,118200000.0,-348700000.0,289800000.0,,,16300000.0
HI,2012-12-31,False,Q1,2013,10-Q,305200000.0,24100000.0,14300000.0,0.23,0.23,0.195,2033000000.0,665700000.0,439600000.0,102100000.0,528600000.0,19700000.0,-418600000.0,480000000.0,767700000.0,542800000.0,5600000.0
HI,2012-06-30,False,Q3,2012,10-Q,238400000.0,33000000.0,21300000.0,0.34,0.34,0.1925,1057500000.0,276500000.0,134900000.0,16000000.0,488400000.0,109600000.0,-13600000.0,-194000000.0,,303300000.0,14000000.0
HI,2012-03-31,False,Q2,2012,10-Q,259700000.0,43800000.0,27400000.0,0.44,0.44,0.1925,1121900000.0,337900000.0,331500000.0,60100000.0,486200000.0,60100000.0,-8100000.0,-107800000.0,,300600000.0,8100000.0
HI,2013-06-30,False,Q3,2013,10-Q,408800000.0,25700000.0,13300000.0,0.21,0.21,0.195,1956900000.0,639300000.0,437000000.0,41100000.0,519900000.0,50800000.0,-430800000.0,399900000.0,711300000.0,535900000.0,19100000.0
HI,2013-03-31,False,Q2,2013,10-Q,398500000.0,25600000.0,12700000.0,0.2,0.2,0.195,1964100000.0,637000000.0,434300000.0,40700000.0,513000000.0,19700000.0,-423900000.0,424000000.0,719600000.0,532200000.0,11200000.0
HI,2012-09-30,False,FY,2012,10-K,983200000.0,148800000.0,104800000.0,1.68,1.68,0.77,1087500000.0,305300000.0,151800000.0,20200000.0,506300000.0,138200000.0,-22500000.0,-211100000.0,,303700000.0,20900000.0
HI,2013-12-31,False,Q1,2014,10-Q,384900000.0,37000000.0,20300000.0,0.32,0.32,0.1975,2003900000.0,630500000.0,449800000.0,62300000.0,606800000.0,45900000.0,-6200000.0,-19300000.0,651700000.0,599400000.0,5600000.0
HI,2014-03-31,False,Q2,2014,10-Q,396800000.0,42900000.0,33000000.0,0.52,0.51,0.1975,1994100000.0,625300000.0,457200000.0,51000000.0,620800000.0,82200000.0,-4100000.0,-68500000.0,626100000.0,598000000.0,11400000.0
HI,2013-09-30,False,FY,2013,10-K,1553400000.0,118100000.0,63400000.0,1.01,1.01,0.78,2003200000.0,639400000.0,465500000.0,42700000.0,576300000.0,127200000.0,-441000000.0,336500000.0,664300000.0,585800000.0,29900000.0
HI,2014-09-30,False,FY,2014,10-K,1667200000.0,174500000.0,109700000.0,1.74,1.72,0.79,1918500000.0,637800000.0,491100000.0,58000000.0,593800000.0,179600000.0,-8300000.0,-155500000.0,558500000.0,570700000.0,23600000.0
HI,2016-03-31,False,Q2,2016,10-Q,387000000.0,,26100000.0,0.41,0.41,0.2025,1991000000.0,587400000.0,377500000.0,43200000.0,633200000.0,87200000.0,-245200000.0,154500000.0,712000000.0,642600000.0,9100000.0
HI,2014-06-30,False,Q3,2014,10-Q,416800000.0,51600000.0,32800000.0,0.52,0.51,0.1975,1991400000.0,645900000.0,477700000.0,61700000.0,640900000.0,136900000.0,-10500000.0,-108900000.0,596600000.0,596100000.0,17900000.0
HI,2015-06-30,False,Q3,2015,10-Q,398700000.0,53300000.0,32100000.0,0.51,0.5,0.2,1804800000.0,591900000.0,396600000.0,45600000.0,618400000.0,75500000.0,-20200000.0,-66200000.0,530300000.0,548900000.0,19700000.0
HI,2015-03-31,False,Q2,2015,10-Q,404600000.0,56900000.0,30700000.0,0.49,0.48,0.2,1788300000.0,592400000.0,386200000.0,43000000.0,572400000.0,10200000.0,-12500000.0,-12300000.0,570800000.0,535800000.0,11900000.0
HI,2015-12-31,False,Q1,2016,10-Q,351700000.0,9800000.0,20000000.0,2.0,,0.2025,1842800000.0,575700000.0,355000000.0,55100000.0,597600000.0,35700000.0,-112100000.0,81700000.0,623000000.0,569200000.0,6500000.0
HI,2014-12-31,False,Q1,2015,10-Q,401500000.0,47200000.0,29500000.0,0.47,0.46,0.2,1884200000.0,629100000.0,401500000.0,52000000.0,588900000.0,-41900000.0,-7800000.0,42300000.0,617100000.0,558700000.0,5700000.0
HI,2016-12-31,False,Q1,2017,10-Q,356100000.0,,21700000.0,0.34,0.34,0.205,1877700000.0,560200000.0,385200000.0,46600000.0,650500000.0,-48700000.0,-4500000.0,49500000.0,654300000.0,616300000.0,4600000.0
HI,2015-09-30,False,FY,2015,10-K,1596800000.0,,111400000.0,1.76,1.74,0.8,1808100000.0,604100000.0,404200000.0,48300000.0,605800000.0,105000000.0,-29500000.0,-83200000.0,528100000.0,544000000.0,31000000.0
HI,2016-06-30,False,Q3,2016,10-Q,371000000.0,,30700000.0,0.49,0.48,0.2025,1939700000.0,562800000.0,401100000.0,47600000.0,636000000.0,189700000.0,-251500000.0,63800000.0,637000000.0,635800000.0,15600000.0
HI,2016-09-30,False,FY,2016,10-K,1538400000.0,,112800000.0,1.78,1.77,0.81,1960900000.0,600300000.0,433700000.0,52000000.0,646200000.0,238200000.0,-253500000.0,21600000.0,610100000.0,634300000.0,21200000.0
HI,2018-03-31,False,Q2,2018,10-Q,452200000.0,,-21900000.0,-0.34,-0.34,0.2075,1989400000.0,680700000.0,530800000.0,68500000.0,732000000.0,61500000.0,-10300000.0,-50400000.0,479100000.0,602600000.0,10600000.0
HI,2018-09-30,False,FY,2018,10-K,1770100000.0,,76600000.0,1.21,1.2,0.83,1864600000.0,610600000.0,531700000.0,56000000.0,744100000.0,248300000.0,-23100000.0,-232500000.0,344600000.0,581900000.0,27000000.0
HI,2018-06-30,False,Q3,2018,10-Q,446000000.0,,35900000.0,0.57,0.56,0.2075,1933600000.0,669500000.0,549500000.0,71100000.0,711500000.0,156300000.0,-15700000.0,-134500000.0,424400000.0,583200000.0,16300000.0
HI,2017-12-31,False,Q1,2018,10-Q,397200000.0,,18100000.0,0.28,0.28,0.2075,2009100000.0,646700000.0,522000000.0,77800000.0,768500000.0,26900000.0,-5400000.0,-12600000.0,480800000.0,651200000.0,5600000.0
HI,2017-03-31,False,Q2,2017,10-Q,395300000.0,,33400000.0,0.52,0.52,0.205,1893200000.0,577400000.0,409100000.0,51400000.0,671800000.0,19800000.0,-7000000.0,-12800000.0,622600000.0,620000000.0,9100000.0
HI,2017-06-30,False,Q3,2017,10-Q,395900000.0,,32900000.0,0.52,0.52,0.205,1954100000.0,609500000.0,437700000.0,71500000.0,710900000.0,103700000.0,-12300000.0,-72500000.0,595300000.0,639100000.0,14200000.0
HI,2017-09-30,False,FY,2017,10-K,1590200000.0,,126200000.0,1.99,1.97,0.82,1956500000.0,593600000.0,511700000.0,66000000.0,765900000.0,246200000.0,-13500000.0,-215100000.0,465700000.0,647500000.0,22000000.0
