symbol,end_date,amend,period_focus,fiscal_year,doc_type,revenues,op_income,net_income,eps_basic,eps_diluted,dividend,assets,cur_assets,cur_liab,cash,equity,cash_flow_op,cash_flow_inv,cash_flow_fin,debt,goodwill,cap_ex
HIL,2018-09-30,False,Q3,2018,10-Q,101935000.0,-7669000.0,-8544000.0,-0.15,-0.15,0.0,282211000.0,198951000.0,114103000.0,23083000.0,99960000.0,-14126000.0,-3073000.0,21220000.0,47829000.0,48404000.0,2328000.0
HIL,2014-06-30,False,Q2,2014,10-Q,159639000.0,8655000.0,1518000.0,0.04,0.04,0.0,462925000.0,305197000.0,190397000.0,26847000.0,148232000.0,-7630000.0,-2372000.0,4397000.0,140885000.0,87885000.0,2372000.0
HIL,2012-09-30,False,Q3,2012,10-Q,119887000.0,5090000.0,1304000.0,0.03,0.03,0.0,417715000.0,249124000.0,140321000.0,14794000.0,166729000.0,-5520000.0,1473000.0,1207000.0,96707000.0,82001000.0,1806000.0
HIL,2013-03-31,False,Q1,2013,10-Q,136073000.0,7399000.0,-380000.0,-0.01,-0.01,0.0,436523000.0,276115000.0,146438000.0,15457000.0,138684000.0,-7867000.0,-10358000.0,14168000.0,124462000.0,82587000.0,1028000.0
HIL,2013-09-30,False,Q3,2013,10-Q,147194000.0,8252000.0,2556000.0,0.06,0.06,0.0,451157000.0,298254000.0,149686000.0,26639000.0,142496000.0,8885000.0,-10750000.0,17088000.0,132230000.0,83112000.0,2144000.0
HIL,2013-06-30,False,Q2,2013,10-Q,148464000.0,9840000.0,719000.0,0.02,0.02,0.0,445993000.0,294139000.0,149539000.0,21825000.0,137680000.0,-6149000.0,-9896000.0,19780000.0,133586000.0,81410000.0,1293000.0
HIL,2012-12-31,False,FY,2012,10-K,480781000.0,5247000.0,-28217000.0,-0.73,-0.73,0.0,421673000.0,257270000.0,150135000.0,16716000.0,141103000.0,-6471000.0,928000.0,8917000.0,109435000.0,84007000.0,2377000.0
HIL,2013-12-31,False,FY,2013,10-K,576681000.0,32458000.0,1629000.0,0.04,0.04,0.0,449102000.0,297893000.0,151515000.0,30381000.0,143031000.0,21433000.0,-14826000.0,15961000.0,133259000.0,85853000.0,3764000.0
HIL,2014-03-31,False,Q1,2014,10-Q,150013000.0,6000000.0,53000.0,,,0.0,453648000.0,297268000.0,179498000.0,29780000.0,146410000.0,-4499000.0,-1352000.0,4106000.0,139253000.0,86995000.0,1352000.0
HIL,2014-09-30,False,Q3,2014,10-Q,161491000.0,11297000.0,-8966000.0,-0.19,-0.19,0.0,465971000.0,305762000.0,132746000.0,28525000.0,174127000.0,-6348000.0,-2393000.0,9316000.0,127871000.0,83072000.0,2393000.0
HIL,2015-06-30,False,Q2,2015,10-Q,181648000.0,10652000.0,4395000.0,0.09,0.09,0.0,522165000.0,311664000.0,164127000.0,31571000.0,159169000.0,-7469000.0,-13443000.0,25021000.0,153086000.0,79990000.0,9059000.0
HIL,2015-03-31,False,Q1,2015,10-Q,171580000.0,6016000.0,1095000.0,0.02,0.02,0.0,468710000.0,265565000.0,137055000.0,25785000.0,155339000.0,-8029000.0,-5234000.0,12095000.0,139950000.0,74534000.0,5234000.0
HIL,2015-06-30,True,Q2,2015,10-Q,181648000.0,10652000.0,4395000.0,0.09,0.09,0.0,476397000.0,317900000.0,167988000.0,31571000.0,117858000.0,-7469000.0,-13443000.0,25021000.0,153086000.0,79990000.0,9059000.0
HIL,2015-03-31,True,Q1,2015,10-Q,170268000.0,5606000.0,702000.0,0.01,0.01,0.0,423734000.0,271801000.0,140916000.0,25785000.0,114661000.0,-8029000.0,-5234000.0,12095000.0,139950000.0,74534000.0,5234000.0
HIL,2014-12-31,True,FY,2014,10-K,641593000.0,33938000.0,-6148000.0,-0.14,-0.14,0.0,419609000.0,263164000.0,141700000.0,30124000.0,122000000.0,6305000.0,-11978000.0,9398000.0,128236000.0,80437000.0,5721000.0
HIL,2014-12-31,False,FY,2014,10-K,640281000.0,29280000.0,-10879000.0,-0.25,-0.25,0.0,464984000.0,257099000.0,137935000.0,30124000.0,162786000.0,6305000.0,-11978000.0,9398000.0,128236000.0,80437000.0,5721000.0
HIL,2011-09-30,False,Q3,2011,10-Q,128878000.0,1885000.0,654000.0,0.02,0.02,0.0,410522000.0,234186000.0,191379000.0,16575000.0,177243000.0,-7704000.0,-21800000.0,8654000.0,,78310000.0,4937000.0
HIL,2011-06-30,False,Q2,2011,10-Q,126935000.0,824000.0,-497000.0,-0.01,-0.01,0.0,423520000.0,238846000.0,190884000.0,30293000.0,184873000.0,7967000.0,-20791000.0,9314000.0,,84143000.0,4029000.0
HIL,2012-03-31,False,Q1,2012,10-Q,115813000.0,-2737000.0,-6736000.0,-0.17,-0.17,0.0,408987000.0,238683000.0,192040000.0,24698000.0,169011000.0,3504000.0,2788000.0,2158000.0,,84841000.0,361000.0
HIL,2012-06-30,True,Q2,2012,10-Q,119428000.0,3197000.0,-324000.0,-0.01,-0.01,0.0,406677000.0,241366000.0,201466000.0,19592000.0,164440000.0,-4387000.0,2038000.0,2168000.0,97747000.0,81531000.0,1209000.0
HIL,2015-09-30,False,Q3,2015,10-Q,178935000.0,11693000.0,2948000.0,0.06,0.06,0.0,449556000.0,301445000.0,149718000.0,23901000.0,117681000.0,-3592000.0,-15831000.0,15039000.0,143474000.0,75212000.0,11447000.0
HIL,2016-03-31,False,Q1,2016,10-Q,176221000.0,5532000.0,1450000.0,0.03,0.03,0.0,439323000.0,292293000.0,137745000.0,21035000.0,120724000.0,-4613000.0,-172000.0,984000.0,146276000.0,76503000.0,172000.0
HIL,2016-09-30,True,Q3,2016,10-Q,167953000.0,-507000.0,-6866000.0,-0.13,-0.13,0.0,439543000.0,282233000.0,136790000.0,21219000.0,112434000.0,-5329000.0,-2584000.0,6652000.0,153955000.0,75899000.0,2584000.0
HIL,2016-06-30,False,Q2,2016,10-Q,175589000.0,8193000.0,1477000.0,0.03,0.03,0.0,441151000.0,283691000.0,130891000.0,24922000.0,120099000.0,2569000.0,-783000.0,-176000.0,145346000.0,76230000.0,783000.0
HIL,2016-12-31,False,FY,2016,10-K,520847000.0,-854000.0,-18828000.0,-0.36,-0.36,0.0,401208000.0,266171000.0,140104000.0,25637000.0,90386000.0,9568000.0,-3884000.0,-3167000.0,144103000.0,50665000.0,956000.0
HIL,2015-12-31,False,FY,2015,10-K,720605000.0,30844000.0,6931000.0,0.14,0.14,0.0,442563000.0,291591000.0,143048000.0,24089000.0,118039000.0,-6853000.0,-18586000.0,22304000.0,144983000.0,74893000.0,14202000.0
HIL,2016-12-31,True,FY,2016,10-K,516012000.0,-13650000.0,-33812000.0,-0.65,-0.65,0.0,400075000.0,266461000.0,139525000.0,25637000.0,76352000.0,8898000.0,-4050000.0,-2608000.0,144103000.0,50665000.0,2363000.0
HIL,2017-03-31,True,Q1,2017,10-Q,116120000.0,4114000.0,-2354000.0,-0.05,-0.05,0.0,397919000.0,262631000.0,134992000.0,20413000.0,73137000.0,-16089000.0,-495000.0,10725000.0,155300000.0,51467000.0,372000.0
HIL,2017-09-30,False,Q3,2017,10-Q,123192000.0,-1628000.0,-4294000.0,-0.08,-0.08,0.0,290145000.0,194135000.0,111926000.0,14933000.0,119040000.0,-15274000.0,127257000.0,-118576000.0,34138000.0,53041000.0,1927000.0
HIL,2011-12-31,False,FY,2011,10-K,501456000.0,-3859000.0,-6017000.0,-0.16,-0.16,0.0,407512000.0,231833000.0,108800000.0,17924000.0,172394000.0,-10470000.0,-20336000.0,9249000.0,,82941000.0,4883000.0
HIL,2017-03-31,False,Q1,2017,10-Q,107569000.0,-534000.0,-7111000.0,-0.14,-0.14,0.0,397542000.0,261810000.0,134521000.0,20413000.0,84378000.0,-15519000.0,-699000.0,10732000.0,155300000.0,51467000.0,241000.0
HIL,2017-06-30,False,Q2,2017,10-Q,125436000.0,-1363000.0,43897000.0,0.84,0.84,0.0,307479000.0,202759000.0,116923000.0,16738000.0,119951000.0,-13811000.0,127550000.0,-117319000.0,36906000.0,51942000.0,
HIL,2017-12-31,False,FY,2017,10-K,483736000.0,-556000.0,27366000.0,0.52,0.52,0.0,293295000.0,198411000.0,125874000.0,21353000.0,110670000.0,-11953000.0,126324000.0,-115818000.0,37782000.0,52658000.0,1884000.0
HIL,2018-06-30,False,Q2,2018,10-Q,112148000.0,-3525000.0,-7483000.0,-0.14,-0.14,0.0,289219000.0,201264000.0,119995000.0,22584000.0,106924000.0,-15096000.0,-2745000.0,18740000.0,45845000.0,49479000.0,2000000.0
HIL,2018-03-31,False,Q1,2018,10-Q,113897000.0,-5240000.0,-8149000.0,-0.15,-0.15,0.0,285487000.0,190844000.0,115159000.0,17820000.0,104961000.0,-6026000.0,-1108000.0,4330000.0,40195000.0,53030000.0,986000.0
