symbol,end_date,amend,period_focus,fiscal_year,doc_type,revenues,op_income,net_income,eps_basic,eps_diluted,dividend,assets,cur_assets,cur_liab,cash,equity,cash_flow_op,cash_flow_inv,cash_flow_fin,debt,goodwill,cap_ex
HRS,2011-12-30,False,Q2,2012,10-Q,1446400000.0,,133100000.0,1.17,1.16,0.28,6172200000.0,2227800000.0,1661100000.0,387000000.0,2252600000.0,278000000.0,-136500000.0,-120300000.0,1888500000.0,2358900000.0,111300000.0
HRS,2018-12-28,False,Q2,2019,10-Q,8000000000.0,,225000000.0,1.91,1.87,0.685,9852000000.0,2311000000.0,1822000000.0,343000000.0,3412000000.0,469000000.0,-67000000.0,-342000000.0,,5370000000.0,67000000.0
HRS,2011-09-30,False,Q1,2012,10-Q,1460300000.0,,121600000.0,1.01,1.01,0.28,6131000000.0,2182200000.0,1725700000.0,305400000.0,2169000000.0,78700000.0,-81900000.0,-55800000.0,1891200000.0,2363300000.0,77400000.0
HRS,2010-12-31,False,Q2,2011,10-Q,1438500000.0,,151100000.0,1.19,1.18,0.25,5667400000.0,2370400000.0,1069300000.0,740800000.0,2388500000.0,389300000.0,-636200000.0,529500000.0,1877000000.0,1935300000.0,101000000.0
HRS,2010-10-01,False,Q1,2011,10-Q,1405400000.0,,163900000.0,1.28,1.27,0.25,5206700000.0,1933300000.0,1418300000.0,341400000.0,2294300000.0,294900000.0,-569400000.0,159000000.0,1177100000.0,1936200000.0,37100000.0
HRS,2012-03-30,False,Q3,2012,10-Q,1476000000.0,,-353200000.0,-3.15,-3.15,0.33,5648900000.0,2208600000.0,1503900000.0,299000000.0,1901300000.0,483200000.0,-190300000.0,-362700000.0,1888400000.0,1990600000.0,157400000.0
HRS,2010-07-02,False,FY,2010,10-K,5206100000.0,,555700000.0,4.31,4.28,0.88,4734700000.0,1995700000.0,1042900000.0,455200000.0,2190100000.0,802700000.0,-250100000.0,-380900000.0,1177500000.0,1576200000.0,189900000.0
HRS,2013-09-27,False,Q1,2014,10-Q,1191900000.0,,125800000.0,1.17,1.16,0.42,4780700000.0,1889500000.0,1136500000.0,337200000.0,1630100000.0,172600000.0,-6400000.0,-153900000.0,1582000000.0,1703100000.0,33400000.0
HRS,2011-04-01,False,Q3,2011,10-Q,1413300000.0,,139500000.0,1.1,1.09,0.25,6029300000.0,2633000000.0,1310100000.0,885100000.0,2496100000.0,556800000.0,-754600000.0,622600000.0,1893400000.0,1963400000.0,186100000.0
HRS,2010-04-02,False,Q3,2010,10-Q,1329500000.0,,166200000.0,1.27,1.27,0.22,4627700000.0,1911900000.0,1013100000.0,405700000.0,2116900000.0,635300000.0,-176400000.0,-336600000.0,,1576800000.0,129900000.0
HRS,2011-07-01,False,FY,2011,10-K,5924600000.0,,588000000.0,4.63,4.6,1.0,6172800000.0,2216800000.0,1430500000.0,366900000.0,2512000000.0,833100000.0,-1417500000.0,492800000.0,1892100000.0,2381400000.0,311300000.0
HRS,2012-09-28,False,Q1,2013,10-Q,1261500000.0,,-85800000.0,-0.77,-0.76,0.37,5354300000.0,2358400000.0,1255300000.0,326800000.0,1853300000.0,120500000.0,-36600000.0,-116100000.0,1895700000.0,1709500000.0,39900000.0
HRS,2013-03-29,False,Q3,2013,10-Q,1203700000.0,,94800000.0,0.85,0.85,0.37,5076300000.0,2125300000.0,1441600000.0,459000000.0,1676200000.0,513200000.0,27000000.0,-438300000.0,1891200000.0,1693100000.0,124900000.0
HRS,2012-12-28,False,Q2,2013,10-Q,1286900000.0,,48500000.0,0.43,0.43,0.37,5241300000.0,2259200000.0,1163200000.0,328100000.0,1826100000.0,279500000.0,-71600000.0,-238800000.0,1891800000.0,1709200000.0,79900000.0
HRS,2012-06-29,False,FY,2012,10-K,5451300000.0,,30600000.0,0.26,0.26,1.22,5592800000.0,2600400000.0,1414400000.0,356000000.0,1946100000.0,852900000.0,-248900000.0,-609800000.0,1887800000.0,1695300000.0,209900000.0
HRS,2013-06-28,False,FY,2013,10-K,5111700000.0,,113000000.0,1.01,1.01,1.48,4858400000.0,1948100000.0,1297400000.0,321000000.0,1561200000.0,833000000.0,-19700000.0,-839700000.0,1590500000.0,1692000000.0,164800000.0
HRS,2009-10-02,False,Q1,2010,10-Q,1203000000.0,,104500000.0,0.79,0.79,0.22,4391000000.0,1797800000.0,982500000.0,231100000.0,1920800000.0,134500000.0,-19600000.0,-165300000.0,,1522200000.0,18600000.0
HRS,2010-01-01,False,Q2,2010,10-Q,1217700000.0,,139500000.0,1.07,1.06,0.22,4529700000.0,1874600000.0,1010700000.0,310200000.0,2013500000.0,321400000.0,-76100000.0,-218700000.0,,1576800000.0,38500000.0
HRS,2014-03-28,False,Q3,2014,10-Q,1267500000.0,,141400000.0,1.32,1.31,0.42,4958600000.0,2053300000.0,1175900000.0,349600000.0,1795000000.0,454000000.0,-116000000.0,-300500000.0,1577200000.0,1703600000.0,139700000.0
HRS,2013-12-27,False,Q2,2014,10-Q,1223200000.0,,136200000.0,1.27,1.26,0.42,4884100000.0,1972400000.0,1150800000.0,334400000.0,1713200000.0,279500000.0,-58000000.0,-206900000.0,1581800000.0,1702100000.0,85000000.0
HRS,2016-01-01,False,Q2,2016,10-Q,1843000000.0,,-152000000.0,-1.23,-1.23,0.5,12097000000.0,2835000000.0,2139000000.0,511000000.0,3252000000.0,387000000.0,-49000000.0,-295000000.0,4828000000.0,5989000000.0,51000000.0
HRS,2015-01-02,False,Q2,2015,10-Q,1206300000.0,,139500000.0,1.34,1.32,0.47,4798200000.0,1946000000.0,1027900000.0,469500000.0,1811400000.0,222200000.0,-72100000.0,-219500000.0,1577200000.0,1676500000.0,79100000.0
HRS,2014-09-26,False,Q1,2015,10-Q,1155400000.0,,125100000.0,1.19,1.18,0.47,4836600000.0,1924600000.0,1082200000.0,449100000.0,1796000000.0,80100000.0,-34000000.0,-150100000.0,1577200000.0,1698800000.0,41000000.0
HRS,2016-04-01,False,Q3,2016,10-Q,1909000000.0,,168000000.0,1.35,1.34,0.5,11900000000.0,2866000000.0,2012000000.0,302000000.0,3367000000.0,507000000.0,-112000000.0,-560000000.0,4702000000.0,5940000000.0,84000000.0
HRS,2014-06-27,False,FY,2014,10-K,5012000000.0,,534800000.0,5.0,4.95,1.68,4931200000.0,1991300000.0,1114600000.0,561000000.0,1825400000.0,849200000.0,-162600000.0,-448100000.0,1577200000.0,1711200000.0,209300000.0
HRS,2015-10-02,False,Q1,2016,10-Q,1811000000.0,,148000000.0,1.2,1.18,0.5,12564000000.0,3053000000.0,1871000000.0,320000000.0,3463000000.0,64000000.0,-24000000.0,-192000000.0,5031000000.0,6321000000.0,26000000.0
HRS,2015-07-03,False,FY,2015,10-K,5083000000.0,,334000000.0,3.15,3.11,1.88,13129000000.0,3524000000.0,2281000000.0,481000000.0,3402000000.0,854000000.0,-3284000000.0,2373000000.0,5183000000.0,6348000000.0,148000000.0
HRS,2016-09-30,False,Q1,2017,10-Q,1754000000.0,,160000000.0,1.29,1.27,0.53,11778000000.0,2425000000.0,1856000000.0,284000000.0,3054000000.0,43000000.0,-46000000.0,-201000000.0,4467000000.0,5994000000.0,21000000.0
HRS,2015-04-03,False,Q3,2015,10-Q,1186600000.0,,125700000.0,1.21,1.2,0.47,4834500000.0,2022100000.0,1047600000.0,487700000.0,1840400000.0,395200000.0,-95300000.0,-335900000.0,1575800000.0,1665000000.0,102300000.0
HRS,2016-12-30,False,Q2,2017,10-Q,1700000000.0,,177000000.0,1.42,1.4,0.53,11618000000.0,2612000000.0,1665000000.0,361000000.0,3158000000.0,295000000.0,-74000000.0,-341000000.0,,5848000000.0,49000000.0
HRS,2017-09-29,False,Q1,2018,10-Q,1413000000.0,272000000.0,161000000.0,1.35,1.32,0.57,10099000000.0,2127000000.0,1918000000.0,388000000.0,2987000000.0,95000000.0,-23000000.0,-174000000.0,,5376000000.0,23000000.0
HRS,2017-03-31,False,Q3,2017,10-Q,1489000000.0,,85000000.0,0.7,0.69,0.53,11107000000.0,2876000000.0,1732000000.0,302000000.0,2914000000.0,489000000.0,271000000.0,-942000000.0,,5367000000.0,79000000.0
HRS,2016-07-01,False,FY,2016,10-K,7467000000.0,,324000000.0,2.61,2.59,2.0,11996000000.0,2608000000.0,1964000000.0,487000000.0,3057000000.0,924000000.0,-1000000.0,-893000000.0,4502000000.0,5975000000.0,152000000.0
HRS,2017-12-29,False,Q2,2018,10-Q,1535000000.0,272000000.0,139000000.0,1.17,1.15,0.57,9856000000.0,2132000000.0,1741000000.0,422000000.0,2994000000.0,373000000.0,-45000000.0,-394000000.0,3914000000.0,5374000000.0,43000000.0
HRS,2017-06-30,False,FY,2017,10-K,5900000000.0,,553000000.0,4.5,4.44,2.12,10090000000.0,2073000000.0,1926000000.0,484000000.0,2928000000.0,569000000.0,870000000.0,-1438000000.0,3950000000.0,5366000000.0,119000000.0
HRS,2018-09-28,False,Q1,2019,10-Q,7900000000.0,,213000000.0,1.81,1.77,0.685,9889000000.0,2288000000.0,1956000000.0,305000000.0,3244000000.0,117000000.0,-31000000.0,-69000000.0,,5373000000.0,31000000.0
HRS,2018-03-30,False,Q3,2018,10-Q,1568000000.0,256000000.0,201000000.0,1.7,1.66,0.57,10070000000.0,2414000000.0,2146000000.0,443000000.0,3137000000.0,230000000.0,-81000000.0,-196000000.0,4214000000.0,5377000000.0,79000000.0
HRS,2018-06-29,False,FY,2018,10-K,6182000000.0,1122000000.0,718000000.0,6.04,5.92,2.28,9839000000.0,2223000000.0,1788000000.0,288000000.0,3322000000.0,751000000.0,-141000000.0,-805000000.0,3712000000.0,5372000000.0,136000000.0
