symbol,end_date,amend,period_focus,fiscal_year,doc_type,revenues,op_income,net_income,eps_basic,eps_diluted,dividend,assets,cur_assets,cur_liab,cash,equity,cash_flow_op,cash_flow_inv,cash_flow_fin,debt,goodwill,cap_ex
HST,2012-03-23,False,Q1,2012,10-Q,985000000.0,,-2000000.0,-0.07,-0.07,0.06,13587000000.0,,,1312000000.0,6860000000.0,73000000.0,-92000000.0,505000000.0,6137000000.0,,62000000.0
HST,2010-09-10,False,Q3,2010,10-Q,1006000000.0,23000000.0,-58000000.0,-0.09,-0.09,0.0,12095000000.0,,,838000000.0,6129000000.0,328000000.0,-498000000.0,-634000000.0,5424000000.0,,99000000.0
HST,2011-09-09,False,Q3,2011,10-Q,1142000000.0,,-35000000.0,-0.05,-0.05,0.0,12805000000.0,,,524000000.0,6804000000.0,399000000.0,-34000000.0,505000000.0,5488000000.0,,182000000.0
HST,2018-12-31,False,FY,2018,10-K,5524000000.0,530000000.0,1087000000.0,1.47,1.47,0.85,12090000000.0,,,1542000000.0,7566000000.0,1300000000.0,100000000.0,-748000000.0,3837000000.0,,200000000.0
HST,2011-12-31,False,FY,2011,10-K,4998000000.0,,-15000000.0,-0.02,-0.02,0.14,13068000000.0,,,826000000.0,6713000000.0,661000000.0,-1576000000.0,628000000.0,5753000000.0,,327000000.0
HST,2010-12-31,False,FY,2010,10-K,4437000000.0,,-138000000.0,-0.21,-0.21,0.04,12411000000.0,,,1113000000.0,6332000000.0,520000000.0,-73000000.0,116000000.0,5477000000.0,,195000000.0
HST,2012-06-15,False,Q2,2012,10-Q,1368000000.0,,82000000.0,0.11,0.11,0.0,12736000000.0,,,465000000.0,6977000000.0,302000000.0,-269000000.0,-394000000.0,5226000000.0,,162000000.0
HST,2012-09-07,False,Q3,2012,10-Q,1204000000.0,,-34000000.0,-0.05,-0.05,0.0,13042000000.0,,,254000000.0,6934000000.0,425000000.0,-822000000.0,-175000000.0,5495000000.0,,211000000.0
HST,2011-06-17,False,Q2,2011,10-Q,1296000000.0,,-14000000.0,0.09,0.09,0.0,13103000000.0,,,634000000.0,6654000000.0,256000000.0,-23000000.0,595000000.0,5888000000.0,,119000000.0
HST,2011-03-25,False,Q1,2011,10-Q,903000000.0,,-116000000.0,-0.09,-0.09,0.02,12493000000.0,,,154000000.0,6383000000.0,52000000.0,-9000000.0,808000000.0,5538000000.0,,48000000.0
HST,2013-03-31,False,Q1,2013,10-Q,1255000000.0,,56000000.0,0.08,0.08,0.1,13337000000.0,,,1075000000.0,7110000000.0,177000000.0,147000000.0,334000000.0,5534000000.0,,36000000.0
HST,2013-06-30,False,Q2,2013,10-Q,1420000000.0,,119000000.0,0.16,0.16,0.0,12665000000.0,,,393000000.0,7214000000.0,460000000.0,-25000000.0,-454000000.0,4724000000.0,,69000000.0
HST,2013-09-30,False,Q3,2013,10-Q,1223000000.0,,19000000.0,0.03,0.03,0.0,12563000000.0,,,354000000.0,7262000000.0,697000000.0,-152000000.0,-606000000.0,4560000000.0,,100000000.0
HST,2013-12-31,False,FY,2013,10-K,5166000000.0,512000000.0,317000000.0,0.43,0.42,0.46,12814000000.0,,,861000000.0,7262000000.0,1019000000.0,-75000000.0,-493000000.0,4759000000.0,,25000000.0
HST,2012-12-31,False,FY,2012,10-K,5286000000.0,,61000000.0,0.08,0.08,0.3,12994000000.0,,,417000000.0,6859000000.0,782000000.0,-886000000.0,-305000000.0,5411000000.0,,272000000.0
HST,2010-03-26,False,Q1,2010,10-Q,823000000.0,-2000000.0,-86000000.0,-0.13,-0.13,0.0,12060000000.0,,,1245000000.0,6159000000.0,49000000.0,-39000000.0,-407000000.0,5383000000.0,,27000000.0
HST,2009-09-11,False,Q3,2009,10-Q,912000000.0,-10000000.0,-57000000.0,-0.09,-0.09,0.0,12067000000.0,,,1019000000.0,6073000000.0,370000000.0,-35000000.0,176000000.0,5539000000.0,,114000000.0
HST,2009-06-19,False,Q2,2009,10-Q,1064000000.0,45000000.0,-70000000.0,-0.12,-0.12,0.0,12472000000.0,,,1346000000.0,6007000000.0,255000000.0,-51000000.0,634000000.0,6093000000.0,,91000000.0
HST,2010-06-18,False,Q2,2010,10-Q,1114000000.0,110000000.0,13000000.0,0.02,0.02,0.0,11957000000.0,,,1171000000.0,6050000000.0,219000000.0,-158000000.0,-532000000.0,5395000000.0,,67000000.0
HST,2009-12-31,False,FY,2009,10-K,4158000000.0,98000000.0,-261000000.0,-0.45,-0.45,0.0,12555000000.0,,,1642000000.0,6211000000.0,552000000.0,-116000000.0,698000000.0,5837000000.0,,0.0
HST,2014-03-31,False,Q1,2014,10-Q,1309000000.0,134000000.0,179000000.0,0.24,0.24,0.14,12209000000.0,,,392000000.0,7349000000.0,171000000.0,134000000.0,-775000000.0,4093000000.0,,14000000.0
HST,2014-06-30,False,Q2,2014,10-Q,1431000000.0,225000000.0,155000000.0,0.21,0.21,0.15,12215000000.0,,,440000000.0,7384000000.0,525000000.0,12000000.0,-960000000.0,4030000000.0,,36000000.0
HST,2015-03-31,False,Q1,2015,10-Q,1317000000.0,144000000.0,98000000.0,0.13,0.13,0.0,12010000000.0,,,485000000.0,7323000000.0,173000000.0,-167000000.0,-198000000.0,3968000000.0,,45000000.0
HST,2014-09-30,False,Q3,2014,10-Q,1294000000.0,202000000.0,144000000.0,0.19,0.19,0.0,12135000000.0,,,387000000.0,7350000000.0,764000000.0,-168000000.0,-1065000000.0,4012000000.0,,69000000.0
HST,2017-03-31,False,Q1,2017,10-Q,1348000000.0,171000000.0,158000000.0,0.21,0.21,0.0,11776000000.0,,,411000000.0,7066000000.0,209000000.0,-384000000.0,208000000.0,3988000000.0,,38000000.0
HST,2014-12-31,False,FY,2014,10-K,5354000000.0,710000000.0,732000000.0,0.97,0.96,0.75,12207000000.0,,,684000000.0,7368000000.0,1150000000.0,-93000000.0,-1226000000.0,3992000000.0,,112000000.0
HST,2016-09-30,False,Q3,2016,10-Q,1295000000.0,144000000.0,107000000.0,0.14,0.14,0.0,11542000000.0,,,340000000.0,7130000000.0,917000000.0,-13000000.0,-789000000.0,3752000000.0,,187000000.0
HST,2016-06-30,False,Q2,2016,10-Q,1459000000.0,239000000.0,347000000.0,0.47,0.47,0.0,11592000000.0,,,266000000.0,7214000000.0,612000000.0,57000000.0,-627000000.0,3715000000.0,,141000000.0
HST,2016-03-31,False,Q1,2016,10-Q,1339000000.0,151000000.0,182000000.0,0.24,0.24,0.0,11690000000.0,,,234000000.0,7061000000.0,219000000.0,-58000000.0,-152000000.0,3961000000.0,,73000000.0
HST,2015-06-30,False,Q2,2015,10-Q,1449000000.0,227000000.0,212000000.0,0.28,0.28,0.0,12041000000.0,,,262000000.0,7262000000.0,562000000.0,-566000000.0,-410000000.0,4053000000.0,,101000000.0
HST,2015-12-31,False,FY,2015,10-K,5387000000.0,650000000.0,558000000.0,0.74,0.74,0.8,11784000000.0,,,239000000.0,7082000000.0,1171000000.0,-736000000.0,-865000000.0,4017000000.0,,34000000.0
HST,2016-12-31,False,FY,2016,10-K,5430000000.0,684000000.0,762000000.0,1.03,1.02,0.85,11408000000.0,,,372000000.0,7033000000.0,1303000000.0,-115000000.0,-1037000000.0,3649000000.0,,226000000.0
HST,2015-09-30,False,Q3,2015,10-Q,1287000000.0,132000000.0,85000000.0,0.11,0.11,0.0,11980000000.0,,,265000000.0,6988000000.0,818000000.0,-702000000.0,-521000000.0,4278000000.0,,175000000.0
HST,2017-06-30,False,Q2,2017,10-Q,1441000000.0,244000000.0,210000000.0,0.28,0.28,0.0,11854000000.0,,,644000000.0,7141000000.0,612000000.0,-380000000.0,55000000.0,3992000000.0,,32000000.0
HST,2018-09-30,False,Q3,2018,10-Q,1299000000.0,-92000000.0,322000000.0,0.43,0.43,0.0,12155000000.0,,,1269000000.0,7395000000.0,941000000.0,-210000000.0,-361000000.0,4079000000.0,,106000000.0
HST,2017-09-30,False,Q3,2017,10-Q,1254000000.0,127000000.0,104000000.0,0.14,0.14,0.0,11771000000.0,,,789000000.0,7108000000.0,864000000.0,-200000000.0,-244000000.0,3961000000.0,,53000000.0
HST,2018-03-31,False,Q1,2018,10-Q,1346000000.0,171000000.0,253000000.0,0.34,0.34,0.0,12064000000.0,,,323000000.0,7128000000.0,248000000.0,-955000000.0,119000000.0,4266000000.0,,29000000.0
HST,2018-06-30,False,Q2,2018,10-Q,1518000000.0,263000000.0,209000000.0,0.28,0.28,0.0,12075000000.0,,,646000000.0,7166000000.0,655000000.0,-859000000.0,-55000000.0,4228000000.0,,58000000.0
HST,2017-12-31,False,FY,2017,10-K,5387000000.0,676000000.0,564000000.0,0.76,0.76,0.85,11693000000.0,,,913000000.0,7002000000.0,1230000000.0,-267000000.0,-402000000.0,3954000000.0,,72000000.0
