symbol,end_date,amend,period_focus,fiscal_year,doc_type,revenues,op_income,net_income,eps_basic,eps_diluted,dividend,assets,cur_assets,cur_liab,cash,equity,cash_flow_op,cash_flow_inv,cash_flow_fin,debt,goodwill,cap_ex
IIPR,2017-09-30,False,Q3,2017,10-Q,1559000.0,295000.0,318000.0,0.09,0.09,0.15,70143000.0,,,22204000.0,59960000.0,1496000.0,-11196000.0,-1099000.0,,,11000.0
IIPR,2018-09-30,False,Q3,2018,10-Q,3926000.0,1571000.0,1494000.0,0.22,0.21,0.35,166212000.0,,,53019000.0,151090000.0,9551000.0,-41948000.0,73658000.0,,,
IIPR,2018-06-30,False,Q2,2018,10-Q,3314000.0,1236000.0,1204000.0,0.18,0.17,0.25,161699000.0,,,21185000.0,151585000.0,3694000.0,-69959000.0,75692000.0,,,
IIPR,2016-12-31,False,FY,2016,10-K,,,,,,0.0,63327000.0,,,33003000.0,60439000.0,1693000.0,-30032000.0,61342000.0,,,
IIPR,2018-03-31,False,Q1,2018,10-Q,2764000.0,724000.0,607000.0,0.1,0.09,0.25,158898000.0,,,42076000.0,151714000.0,1355000.0,-48763000.0,77726000.0,,,
IIPR,2017-03-31,False,Q1,2017,10-Q,1325000.0,,-591000.0,-0.18,-0.18,0.0,63507000.0,,,33351000.0,60618000.0,624000.0,,-276000.0,,,
IIPR,2017-06-30,False,Q2,2017,10-Q,1289000.0,-465000.0,-438000.0,-0.13,-0.13,0.15,63912000.0,,,25756000.0,59978000.0,1499000.0,-8172000.0,-574000.0,,,6000.0
IIPR,2017-12-31,False,FY,2017,10-K,6420000.0,-223000.0,-395000.0,-0.13,-0.13,0.55,80028000.0,,,11758000.0,73549000.0,5015000.0,-38645000.0,12385000.0,,,5911000.0
