symbol,end_date,amend,period_focus,fiscal_year,doc_type,revenues,op_income,net_income,eps_basic,eps_diluted,dividend,assets,cur_assets,cur_liab,cash,equity,cash_flow_op,cash_flow_inv,cash_flow_fin,debt,goodwill,cap_ex
IMAX,2011-09-30,False,Q3,2011,10-Q,67488000000.0,14428000000.0,8392000000.0,0.13,0.12,0.0,374378000.0,,,18843000000.0,181267000.0,-6409000000.0,-32420000000.0,27421000000.0,39583000000.0,39027000000.0,4409000000.0
IMAX,2018-12-31,False,FY,2018,10-K,374401000.0,45176000.0,22844000.0,0.36,0.36,0.0,873600000.0,,,141590000.0,592918000.0,109972000.0,-56874000.0,-70862000.0,37753000.0,39027000.0,13368000.0
IMAX,2011-03-31,False,Q1,2011,10-Q,45160000000.0,-465000000.0,-1003000000.0,-0.02,-0.02,0.0,336574000.0,,,17379000000.0,161892000.0,-9566000000.0,-4206000000.0,831000000.0,17500000000.0,39027000000.0,838000000.0
IMAX,2012-03-31,False,Q1,2012,10-Q,55596000000.0,4542000000.0,2588000000.0,0.04,0.04,0.0,414142000.0,,,21588000000.0,202357000.0,10426000000.0,-10411000000.0,3405000000.0,55000000000.0,39027000000.0,374000000.0
IMAX,2011-06-30,False,Q2,2011,10-Q,57232000.0,4448000.0,1825000.0,0.03,0.03,0.0,372132000.0,,,23232000.0,170786000.0,-10440000.0,-18377000.0,21919000.0,34583000.0,39027000.0,2227000.0
IMAX,2012-06-30,False,Q2,2012,10-Q,70210000000.0,15566000000.0,11080000000.0,0.17,0.16,0.0,425476000.0,,,23580000000.0,219247000.0,19842000000.0,-19403000000.0,4956000000.0,55000000000.0,39027000000.0,1775000000.0
IMAX,2012-09-30,False,Q3,2012,10-Q,80711000.0,22489000.0,14990000.0,0.23,0.22,0.0,427035000.0,,,29450000.0,238581000.0,53910000.0,-23200000.0,-19252000.0,30000000.0,39027000.0,2599000.0
IMAX,2013-03-31,False,Q1,2013,10-Q,49869000.0,4565000.0,2861000.0,0.04,0.04,0.0,432338000.0,,,15158000.0,260484000.0,-989000.0,-12810000.0,7604000.0,18000000.0,39027000.0,3315000.0
IMAX,2011-12-31,False,FY,2011,10-K,236556000.0,28492000000.0,15543000000.0,0.24,0.23,0.0,406236000.0,,,18138000000.0,192907000.0,6247000000.0,-63507000000.0,45141000000.0,55083000000.0,39027000000.0,5528000000.0
IMAX,2012-12-31,False,FY,2012,10-K,284290000.0,58382000.0,41337000.0,0.63,0.61,0.0,421872000.0,,,21336000.0,253079000.0,73630000.0,-35519000.0,-34849000.0,11000000.0,39027000.0,6055000.0
IMAX,2013-06-30,False,Q2,2013,10-Q,82293000.0,17379000.0,11816000.0,0.18,0.17,0.0,453770000.0,,,20774000.0,277126000.0,8040000.0,-17589000.0,8904000.0,18000000.0,39027000.0,5054000.0
IMAX,2013-09-30,False,Q3,2013,10-Q,51742000.0,2873000.0,1609000.0,0.02,0.02,0.0,447490000.0,,,25955000.0,284469000.0,32975000.0,-26842000.0,-1546000.0,5000000.0,39027000.0,6167000.0
IMAX,2014-06-30,False,Q2,2014,10-Q,79145000.0,19592000.0,13165000.0,0.19,0.19,0.0,538232000.0,,,75087000.0,343872000.0,35250000.0,-28352000.0,38802000.0,0.0,39027000.0,16581000.0
IMAX,2014-03-31,False,Q1,2014,10-Q,48197000.0,808000.0,579000.0,0.01,0.01,0.0,478246000.0,,,29692000.0,322773000.0,13934000.0,-13720000.0,-47000.0,0.0,39027000.0,7927000.0
IMAX,2016-03-31,False,Q1,2016,10-Q,92128000.0,16267000.0,9527000.0,0.14,0.14,0.0,879295000.0,,,259752000.0,648011000.0,4964000.0,-9343000.0,-53218000.0,28786000.0,39027000.0,4585000.0
IMAX,2015-09-30,False,Q3,2015,10-Q,85101000.0,13659000.0,8347000.0,0.12,0.12,0.0,713823000.0,,,117361000.0,406756000.0,41800000.0,-65034000.0,33817000.0,-22278000.0,39027000.0,38443000.0
IMAX,2015-06-30,False,Q2,2015,10-Q,107160000.0,36529000.0,24088000.0,0.34,0.34,0.0,727118000.0,,,146383000.0,433283000.0,18498000.0,-49505000.0,71055000.0,22278000.0,39027000.0,34920000.0
IMAX,2014-09-30,False,Q3,2014,10-Q,60742000.0,6902000.0,4716000.0,0.07,0.07,0.0,560939000.0,,,93705000.0,350036000.0,71870000.0,-45073000.0,37448000.0,0.0,39027000.0,24686000.0
IMAX,2013-12-31,False,FY,2013,10-K,287937000.0,65100000.0,44115000.0,0.66,0.64,0.0,481145000.0,,,29546000.0,319585000.0,55033000.0,-42277000.0,-4383000.0,0.0,39027000.0,13016000.0
IMAX,2014-12-31,False,FY,2014,10-K,290541000.0,57870000.0,39310000.0,0.58,0.56,0.0,621533000.0,,,106503000.0,382775000.0,86605000.0,-61853000.0,52259000.0,4710000.0,39027000.0,40104000.0
IMAX,2016-06-30,False,Q2,2016,10-Q,91743000.0,15467000.0,7791000.0,0.11,0.11,0.0,866737000.0,,,228081000.0,623263000.0,36067000.0,-30863000.0,-94578000.0,28296000.0,39027000.0,8472000.0
IMAX,2015-03-31,False,Q1,2015,10-Q,62211000.0,2652000.0,169000.0,0.0,0.0,0.0,675840000.0,,,140342000.0,394392000.0,6069000.0,-28062000.0,55870000.0,16080000.0,39027000.0,22582000.0
IMAX,2017-03-31,False,Q1,2017,10-Q,68657000.0,-291000.0,75000.0,0.0,0.0,0.0,841489000.0,,,190481000.0,621848000.0,-617000.0,-14206000.0,499000.0,26826000.0,39027000.0,4068000.0
IMAX,2015-12-31,False,FY,2015,10-K,373805000.0,87771000.0,55075000.0,0.79,0.78,0.0,931020000.0,,,317449000.0,673850000.0,83685000.0,-78796000.0,205215000.0,29667000.0,39027000.0,43257000.0
IMAX,2016-09-30,False,Q3,2016,10-Q,86550000.0,7724000.0,2525000.0,0.04,0.04,0.0,859299000.0,,,218104000.0,624362000.0,45304000.0,-38488000.0,-106285000.0,27806000.0,39027000.0,10033000.0
IMAX,2016-12-31,False,FY,2016,10-K,377334000.0,58168000.0,28788000.0,0.43,0.42,0.0,857334000.0,,,204759000.0,621574000.0,77872000.0,-64886000.0,-125782000.0,27316000.0,39027000.0,15278000.0
IMAX,2017-12-31,False,FY,2017,10-K,380767000.0,30926000.0,2344000.0,0.04,0.04,0.0,866612000.0,,,158725000.0,602257000.0,85366000.0,-73597000.0,-57536000.0,25357000.0,39027000.0,24143000.0
IMAX,2018-06-30,False,Q2,2018,10-Q,98345000.0,14598000.0,7625000.0,0.12,0.12,0.0,869512000.0,,,133042000.0,604445000.0,46654000.0,-18792000.0,-53987000.0,24377000.0,39027000.0,8632000.0
IMAX,2017-09-30,False,Q3,2017,10-Q,98800000.0,4500000.0,-850000.0,-0.01,-0.01,0.0,846663000.0,,,157708000.0,589748000.0,63419000.0,-57333000.0,-53189000.0,25846000.0,39027000.0,16356000.0
IMAX,2018-03-31,False,Q1,2018,10-Q,84984000.0,16972000.0,8505000.0,0.13,0.13,0.0,878334000.0,,,145579000.0,628060000.0,15463000.0,-11953000.0,-16640000.0,24867000.0,39027000.0,6588000.0
IMAX,2018-09-30,False,Q3,2018,10-Q,82108000.0,9483000.0,5020000.0,0.08,0.08,0.0,873630000.0,,,133615000.0,613473000.0,68070000.0,-33275000.0,-60000000.0,17625000.0,39027000.0,7367000.0
IMAX,2017-06-30,False,Q2,2017,10-Q,87758000.0,1990000.0,-1712000.0,-0.03,-0.03,0.0,840389000.0,,,158244000.0,579995000.0,37220000.0,-31445000.0,-52366000.0,26336000.0,39027000.0,9771000.0
