symbol,end_date,amend,period_focus,fiscal_year,doc_type,revenues,op_income,net_income,eps_basic,eps_diluted,dividend,assets,cur_assets,cur_liab,cash,equity,cash_flow_op,cash_flow_inv,cash_flow_fin,debt,goodwill,cap_ex
INUV,2012-03-31,False,Q1,2012,10-Q,8767149.0,-1705687.0,-1874097.0,-0.13,-0.13,0.0,32800690.0,11412126.0,14454247.0,3490425.0,8986481.0,814957.0,1600145.0,1065754.0,,6062750.0,707400.0
INUV,2012-09-30,False,Q3,2012,10-Q,15481425.0,-1123735.0,-1320683.0,-0.06,-0.06,0.0,31734395.0,11526792.0,14557939.0,3200464.0,5111102.0,540938.0,-1254366.0,3908974.0,4555555.0,6005309.0,2873822.0
INUV,2012-06-30,False,Q2,2012,10-Q,12873981.0,-2658169.0,-2964113.0,-0.13,-0.13,0.0,32302997.0,11332247.0,13979203.0,3281978.0,6188106.0,-302905.0,-388293.0,3974342.0,4888889.0,6067270.0,2184076.0
INUV,2013-06-30,False,Q2,2013,10-Q,13130428.0,85638.0,381572.0,0.01,0.01,0.0,27060821.0,8555946.0,11675382.0,3151635.0,4581976.0,662619.0,-320419.0,-571459.0,6938246.0,5760808.0,0.0
INUV,2013-03-31,False,Q1,2013,10-Q,15919779.0,-392134.0,-290710.0,-0.01,-0.01,0.0,28193896.0,9112010.0,13156111.0,3225778.0,4088853.0,653393.0,-197218.0,-611418.0,6888888.0,5760808.0,0.0
VTRO,2014-03-31,False,Q1,2014,10-Q,10121717.0,670751.0,674759.0,0.03,0.03,0.0,24423819.0,7142572.0,13734354.0,2722981.0,6050784.0,380069.0,-178423.0,-615818.0,5548830.0,5760808.0,178423.0
INUV,2012-12-31,False,FY,2012,10-K,53362945.0,-6527899.0,-7022845.0,-0.34,-0.46,0.0,29129603.0,9937307.0,13402985.0,3381018.0,4206352.0,990674.0,-1527342.0,3912855.0,7822222.0,5760808.0,3065569.0
INUV,2013-09-30,False,Q3,2013,10-Q,14509050.0,612950.0,639799.0,0.03,0.03,0.0,26720778.0,8679161.0,11187596.0,3635871.0,5460836.0,1893002.0,-517654.0,-1120077.0,6397222.0,5760808.0,0.0
INUV,2013-12-31,False,FY,2013,10-K,54990340.0,16905.0,477216.0,0.02,0.02,0.0,24935631.0,7282418.0,11170092.0,3137153.0,5341866.0,1809623.0,-677526.0,-1375544.0,6143633.0,5760808.0,0.0
INU,2011-03-31,False,Q1,2011,10-Q,11793495.0,-1178893.0,-1393226.0,-0.16,-0.16,0.0,16118800.0,7616502.0,9669459.0,1812141.0,2789868.0,813472.0,-965019.0,1845127.0,,3351405.0,-917227.0
INUV,2011-06-30,False,Q2,2011,10-Q,9213037.0,-1616915.0,-1831260.0,-0.21,-0.21,0.0,14340323.0,6099568.0,7507750.0,1914997.0,4236343.0,77910.0,-1788629.0,3507155.0,,3351405.0,-1543247.0
VTRO,2014-06-30,False,Q2,2014,10-Q,10942033.0,467810.0,382291.0,0.02,0.02,0.0,24710287.0,7756016.0,13480144.0,3401037.0,6681457.0,1500214.0,-375285.0,-861045.0,5315497.0,5760808.0,375285.0
INUV,2011-12-31,False,FY,2011,10-K,35819996.0,-5695851.0,-8976371.0,-0.96,-0.96,0.0,11096341.0,7337543.0,9352180.0,4413.0,-1010266.0,-522236.0,-3029143.0,3437231.0,,1776544.0,2567029.0
INUV,2011-09-30,False,Q3,2011,10-Q,8203116.0,-1236226.0,-1367897.0,-0.14,-0.14,0.0,12807874.0,4900738.0,7108149.0,1160180.0,3140542.0,407715.0,-2573980.0,3207884.0,,3351405.0,-2143370.0
INUV,2014-09-30,False,Q3,2014,10-Q,13026011.0,464679.0,402874.0,0.02,0.02,0.0,25761396.0,9010562.0,11075160.0,3459946.0,7364299.0,2630809.0,-656441.0,-1651575.0,4493275.0,5760808.0,656441.0
INUV,2016-06-30,False,Q2,2016,10-Q,15648912.0,-606845.0,-574828.0,-0.02,-0.02,0.0,26154635.0,9711970.0,10269743.0,3974793.0,11734387.0,450903.0,-695484.0,-37830.0,0.0,5760808.0,695484.0
INUV,2016-09-30,False,Q3,2016,10-Q,17485087.0,-452201.0,-263073.0,-0.02,-0.02,0.0,26465015.0,10348118.0,10677287.0,3638111.0,11658120.0,488582.0,-929380.0,-178295.0,0.0,5760808.0,929380.0
INUV,2016-03-31,False,Q1,2016,10-Q,18730449.0,403007.0,374274.0,0.02,0.02,0.0,26708497.0,9787974.0,10524836.0,4433537.0,11682104.0,573742.0,-372598.0,-24811.0,0.0,5760808.0,372598.0
INUV,2015-06-30,False,Q2,2015,10-Q,16727810.0,531812.0,445008.0,0.02,0.02,0.0,27406202.0,10443947.0,13210672.0,3779339.0,9228644.0,3067594.0,-577140.0,-2425640.0,1500001.0,5760808.0,577140.0
INUV,2015-09-30,False,Q3,2015,10-Q,19254052.0,635098.0,651394.0,0.03,0.03,0.0,27237585.0,10274788.0,13003217.0,3921938.0,10131182.0,5197790.0,-1050678.0,-3939699.0,0.0,5760808.0,1050678.0
INUV,2014-12-31,False,FY,2014,10-K,49599486.0,2497009.0,2105114.0,0.09,0.09,0.0,25606677.0,9144239.0,10378564.0,3714525.0,8273735.0,3943793.0,-839867.0,-2526554.0,3626609.0,5760808.0,839867.0
INUV,2015-12-31,False,FY,2015,10-K,70438116.0,2146973.0,2339774.0,0.1,0.1,0.0,28732526.0,11620447.0,13249760.0,4257204.0,10960444.0,6106272.0,-1525888.0,-4037705.0,0.0,5760808.0,1525888.0
INUV,2017-06-30,False,Q2,2017,10-Q,18271181.0,-1309711.0,-1382371.0,-0.05,-0.05,0.0,35073840.0,11798014.0,15145692.0,3680711.0,13495809.0,-2838986.0,-384935.0,2957828.0,5000000.0,9773842.0,620698.0
INUV,2017-03-31,False,Q1,2017,10-Q,17215862.0,-1649001.0,-1693054.0,-0.06,-0.06,0.0,34934509.0,11403783.0,13750375.0,3923517.0,14584317.0,-1684799.0,84339.0,1577173.0,3600000.0,9773842.0,151424.0
INUV,2018-03-31,False,Q1,2018,10-Q,20503985.0,-1314780.0,-1408024.0,-0.05,-0.05,0.0,34623800.0,11900814.0,18870786.0,4145878.0,13057165.0,629096.0,-514065.0,-53839.0,4900000.0,9853342.0,514065.0
INUV,2015-03-31,False,Q1,2015,10-Q,13420947.0,250759.0,626310.0,0.03,0.03,0.0,25865932.0,9574004.0,11013836.0,1923617.0,8700885.0,-1367756.0,-239427.0,-183725.0,3459942.0,5760808.0,239427.0
INUV,2017-09-30,False,Q3,2017,10-Q,20311502.0,-888853.0,-986171.0,-0.03,-0.03,0.0,36648714.0,13226575.0,19698099.0,2901965.0,12726710.0,-2962766.0,-827048.0,2744975.0,5000000.0,9773842.0,1062811.0
INUV,2018-06-30,False,Q2,2018,10-Q,19004851.0,-739121.0,-832697.0,-0.03,-0.03,0.0,34450033.0,12084892.0,17235921.0,4117388.0,14576049.0,-154238.0,-941636.0,1128576.0,4000000.0,9853342.0,941636.0
INUV,2016-12-31,False,FY,2016,10-K,71530102.0,-857166.0,-772584.0,-0.03,-0.03,0.0,27561139.0,11826046.0,11970419.0,3946804.0,11525792.0,1053019.0,-1116371.0,-247048.0,0.0,5760808.0,1116371.0
INUV,2017-12-31,False,FY,2017,10-K,79554493.0,-4236474.0,-3057700.0,-0.11,-0.11,0.0,38247836.0,15244127.0,21401869.0,4084686.0,14087342.0,-1148281.0,-1322930.0,2609093.0,4900000.0,9853342.0,1558693.0
