symbol,end_date,amend,period_focus,fiscal_year,doc_type,revenues,op_income,net_income,eps_basic,eps_diluted,dividend,assets,cur_assets,cur_liab,cash,equity,cash_flow_op,cash_flow_inv,cash_flow_fin,debt,goodwill,cap_ex
INVH,2018-12-31,False,FY,2018,10-K,1722962000.0,,-5744000.0,-0.01,-0.01,0.44,18063428000.0,,,144940000.0,8369186000.0,561241000.0,62993000.0,-680805000.0,9249815000.0,258207000.0,4027000.0
INVH,2017-06-30,False,Q2,2017,10-Q,242216000.0,53594000.0,5420000.0,0.02,0.02,0.06,9519326000.0,,,158934000.0,3643971000.0,167226000.0,74499000.0,-280910000.0,4158666000.0,,1494000.0
INVH,2017-09-30,False,Q3,2017,10-Q,243536000.0,29917000.0,-22745000.0,-0.07,-0.07,0.08,9524524000.0,,,134441000.0,3602013000.0,267267000.0,-11429000.0,-319516000.0,4157024000.0,,2809000.0
INVH,2018-03-31,False,Q1,2018,10-Q,423669000.0,67481000.0,-17491000.0,-0.03,-0.03,0.11,18696445000.0,,,134893000.0,8636897000.0,130080000.0,-101998000.0,-53896000.0,9668850000.0,258207000.0,29000.0
INVH,2017-03-31,False,Q1,2017,10-Q,238750000.0,12086000.0,-42391000.0,,,0.0,9588161000.0,,,192450000.0,3658042000.0,70861000.0,111534000.0,-188064000.0,4228525000.0,,270000.0
INVH,2017-12-31,False,FY,2017,10-K,1054456000.0,118207000.0,-105337000.0,,,0.0,18683638000.0,,,179878000.0,8649875000.0,259789000.0,53282000.0,-331312000.0,9651662000.0,258207000.0,4086000.0
INVH,2018-06-30,False,Q2,2018,10-Q,432426000.0,77466000.0,-14155000.0,-0.03,-0.03,0.11,18665362000.0,,,166874000.0,8583577000.0,310335000.0,-189374000.0,-127601000.0,9662765000.0,258207000.0,1832000.0
INVH,2018-09-30,False,Q3,2018,10-Q,434251000.0,83763000.0,824000.0,0.0,0.0,0.0,18476648000.0,,,130037000.0,8564648000.0,513081000.0,-141034000.0,-404969000.0,9454919000.0,258207000.0,3548000.0
