symbol,end_date,amend,period_focus,fiscal_year,doc_type,revenues,op_income,net_income,eps_basic,eps_diluted,dividend,assets,cur_assets,cur_liab,cash,equity,cash_flow_op,cash_flow_inv,cash_flow_fin,debt,goodwill,cap_ex
IO,2013-06-30,False,Q2,2013,10-Q,120915000.0,6770000.0,-71134000.0,-0.45,-0.45,0.0,910415000.0,400946000.0,164834000.0,109501000.0,431694000.0,28281000.0,-49740000.0,70802000.0,,53991000.0,8963000.0
IO,2012-09-30,False,Q3,2012,10-Q,136323000.0,25049000.0,14859000.0,0.1,0.09,0.0,727847000.0,301157000.0,147484000.0,47479000.0,469352000.0,111332000.0,-101166000.0,-5202000.0,,55422000.0,11892000.0
IO,2013-03-31,False,Q1,2013,10-Q,129737000.0,1923000.0,1537000.0,0.01,0.01,0.0,782404000.0,327065000.0,171007000.0,66575000.0,499376000.0,34278000.0,-27663000.0,-120000.0,,53753000.0,3969000.0
IO,2012-06-30,False,Q2,2012,10-Q,105214000.0,12972000.0,12039000.0,0.08,0.08,0.0,702054000.0,299060000.0,139610000.0,83282000.0,450500000.0,85730000.0,-39855000.0,-4854000.0,97250000.0,54399000.0,4890000.0
IO,2013-03-31,False,Q1,2013,10-Q,129737000.0,1923000.0,1537000.0,0.01,0.01,0.0,782404000.0,327065000.0,171007000.0,66575000.0,499376000.0,49591000.0,-42976000.0,-120000.0,,53753000.0,3774000.0
IO,2012-03-31,False,Q1,2012,10-Q,111710000.0,11643000.0,8237000.0,0.05,0.05,0.0,666175000.0,287294000.0,118129000.0,87096000.0,439269000.0,51840000.0,-6295000.0,-1067000.0,,54956000.0,1768000.0
IO,2018-12-31,False,FY,2018,10-K,180045000.0,-54272000.0,-71171000.0,-5.2,-5.2,0.0,244749000.0,125623000.0,105518000.0,33551000.0,7824000.0,7098000.0,-29790000.0,3808000.0,124666000.0,22915000.0,1514000.0
IO,2013-09-30,False,Q3,2013,10-Q,79838000.0,-56528000.0,-202096000.0,-1.29,-1.29,0.0,765843000.0,321482000.0,142383000.0,88585000.0,234005000.0,78515000.0,-115159000.0,64866000.0,,55322000.0,13539000.0
IO,2013-06-30,False,Q2,2013,10-Q,120915000.0,6770000.0,-71134000.0,-0.45,-0.45,0.0,910415000.0,400946000.0,164834000.0,109501000.0,431694000.0,43377000.0,-64836000.0,70802000.0,,53991000.0,8963000.0
IO,2012-12-31,False,FY,2012,10-K,526317000.0,74527000.0,61963000.0,0.4,0.39,0.0,820583000.0,374171000.0,209478000.0,60971000.0,499019000.0,169081000.0,-144277000.0,-6454000.0,99584000.0,55349000.0,14877000.0
IO,2014-03-31,False,Q1,2014,10-Q,144698000.0,19671000.0,75979000.0,0.46,0.46,0.0,891319000.0,444303000.0,225969000.0,197306000.0,336349000.0,62682000.0,-25819000.0,12411000.0,,56111000.0,1997000.0
IO,2013-12-31,False,FY,2013,10-K,549167000.0,16396000.0,-251874000.0,-1.59,-1.59,0.0,864671000.0,428917000.0,180060000.0,148056000.0,257885000.0,147587000.0,-158973000.0,98702000.0,211501000.0,55876000.0,16914000.0
IO,2014-06-30,False,Q2,2014,10-Q,121480000.0,3785000.0,1188000.0,0.01,0.01,0.0,839369000.0,397196000.0,168052000.0,157779000.0,341397000.0,76738000.0,-25935000.0,-40934000.0,,51626000.0,4543000.0
IO,2011-06-30,False,Q2,2011,10-Q,88532000.0,8800000.0,2558000.0,0.02,0.02,0.0,639434000.0,307713000.0,128212000.0,55953000.0,403570000.0,60812000.0,-98792000.0,9134000.0,,52194000.0,7240000.0
IO,2011-09-30,False,Q3,2011,10-Q,115654000.0,18496000.0,8714000.0,0.06,0.06,0.0,660189000.0,311852000.0,143529000.0,43290000.0,410310000.0,86144000.0,-135068000.0,7818000.0,,51576000.0,9024000.0
IO,2011-12-31,False,FY,2011,10-K,454621000.0,66795000.0,23422000.0,0.15,0.15,0.0,674058000.0,302247000.0,138570000.0,42402000.0,425812000.0,129984000.0,-181622000.0,9804000.0,102297000.0,53963000.0,11060000.0
IO,2014-09-30,False,Q3,2014,10-Q,106540000.0,-5349000.0,-24541000.0,-0.15,-0.15,0.0,793745000.0,355891000.0,153086000.0,129847000.0,316214000.0,86976000.0,-50934000.0,-54440000.0,0.0,50385000.0,6842000.0
IO,2014-12-31,False,FY,2014,10-K,509558000.0,-117929000.0,-128252000.0,-0.78,-0.78,0.0,617257000.0,375356000.0,153257000.0,173608000.0,135712000.0,129780000.0,-48750000.0,-55974000.0,175535000.0,27388000.0,8264000.0
IO,2016-03-31,False,Q1,2016,10-Q,22665000.0,-30129000.0,-35014000.0,-3.3,-3.3,0.0,378623000.0,156252000.0,110652000.0,76670000.0,75346000.0,2479000.0,-6593000.0,-4478000.0,,25595000.0,266000.0
IO,2015-06-30,False,Q2,2015,10-Q,36795000.0,-40689000.0,56069000.0,0.34,0.34,0.0,469210000.0,206198000.0,104806000.0,117060000.0,140091000.0,-22495000.0,-30554000.0,-3538000.0,0.0,27679000.0,17213000.0
IO,2015-03-31,False,Q1,2015,10-Q,40578000.0,-46689000.0,-55264000.0,-0.34,-0.34,0.0,523459000.0,263888000.0,114172000.0,144438000.0,80562000.0,-6706000.0,-20825000.0,-2035000.0,0.0,26289000.0,11994000.0
IO,2015-09-30,False,Q3,2015,10-Q,66674000.0,-12874000.0,-20383000.0,-0.12,-0.12,0.0,447209000.0,187020000.0,106882000.0,88239000.0,119631000.0,-35996000.0,-44491000.0,-5483000.0,,26809000.0,17601000.0
IO,2015-12-31,False,FY,2015,10-K,221513000.0,-100632000.0,-25122000.0,-2.29,-2.29,0.0,438416000.0,196763000.0,103603000.0,84933000.0,112040000.0,-16524000.0,-63536000.0,-9513000.0,175000000.0,26274000.0,19241000.0
IO,2016-06-30,False,Q2,2016,10-Q,36152000.0,-16588000.0,-25342000.0,-2.22,-2.22,0.0,353821000.0,146376000.0,105763000.0,52433000.0,58877000.0,-12339000.0,-8988000.0,-11911000.0,15000000.0,24025000.0,340000.0
IO,2017-03-31,False,Q1,2017,10-Q,32556000.0,-13912000.0,-23342000.0,-1.98,-1.98,0.0,298128000.0,105718000.0,103953000.0,49640000.0,31776000.0,1983000.0,-3412000.0,-1992000.0,10000000.0,22542000.0,49000.0
IO,2017-06-30,False,Q2,2017,10-Q,46001000.0,-3572000.0,-10441000.0,-0.88,-0.88,0.0,284852000.0,101636000.0,126654000.0,43272000.0,23415000.0,3639000.0,-9397000.0,-3453000.0,10000000.0,23354000.0,915000.0
IO,2016-09-30,False,Q3,2016,10-Q,78622000.0,11864000.0,1699000.0,0.14,0.14,0.0,359682000.0,164120000.0,110752000.0,62536000.0,60474000.0,3232000.0,-12168000.0,-14315000.0,15000000.0,23412000.0,567000.0
IO,2017-09-30,False,Q3,2017,10-Q,61095000.0,9936000.0,4935000.0,0.42,0.41,0.0,303453000.0,123955000.0,139818000.0,40225000.0,30063000.0,10018000.0,-17597000.0,-4577000.0,10000000.0,24048000.0,1021000.0
IO,2016-12-31,False,FY,2016,10-K,172808000.0,-43171000.0,-65148000.0,-5.71,-5.71,0.0,313216000.0,111637000.0,95082000.0,52652000.0,53398000.0,1571000.0,-13644000.0,-21594000.0,163927000.0,22208000.0,1488000.0
IO,2017-12-31,False,FY,2017,10-K,197554000.0,-8699000.0,-30242000.0,-2.55,-2.55,0.0,301069000.0,130989000.0,139617000.0,52056000.0,30806000.0,28030000.0,-24773000.0,-3593000.0,160727000.0,24089000.0,1063000.0
IO,2018-03-31,False,Q1,2018,10-Q,33508000.0,-12640000.0,-18426000.0,-1.44,-1.44,0.0,281053000.0,117331000.0,89680000.0,50750000.0,61519000.0,608000.0,-9301000.0,7500000.0,0.0,25188000.0,61000.0
IO,2018-06-30,False,Q2,2018,10-Q,24743000.0,-22519000.0,-25866000.0,-1.86,-1.86,0.0,255644000.0,95656000.0,91958000.0,44349000.0,33921000.0,-204000.0,-14206000.0,6439000.0,0.0,23543000.0,424000.0
IO,2018-09-30,False,Q3,2018,10-Q,47200000.0,-2452000.0,-7536000.0,-0.54,-0.54,0.0,263957000.0,100374000.0,105325000.0,30043000.0,26914000.0,-7324000.0,-20224000.0,5239000.0,0.0,23590000.0,510000.0
