symbol,end_date,amend,period_focus,fiscal_year,doc_type,revenues,op_income,net_income,eps_basic,eps_diluted,dividend,assets,cur_assets,cur_liab,cash,equity,cash_flow_op,cash_flow_inv,cash_flow_fin,debt,goodwill,cap_ex
Q,2013-03-31,False,Q1,2013,10-Q,1228841000.0,115165000.0,48309000.0,0.42,0.41,0.0,2426705000.0,1439497000.0,1221988000.0,454293000.0,-1322295000.0,-21458000.0,-36194000.0,-33959000.0,,297569000.0,31459000.0
Q,2013-06-30,False,Q2,2013,10-Q,1295680000.0,94897000.0,38517000.0,0.31,0.3,0.0,2648167000.0,1673860000.0,1238727000.0,585722000.0,-797888000.0,5384000.0,-67399000.0,105778000.0,,295260000.0,64276000.0
Q,2014-06-30,False,Q2,2014,10-Q,1341030000.0,141000000.0,85120000.0,0.66,0.64,0.0,2978637000.0,1864707000.0,1353060000.0,636468000.0,-621610000.0,38697000.0,-33008000.0,-154086000.0,,410333000.0,35832000.0
Q,2013-09-30,False,Q3,2013,10-Q,1195839000.0,125259000.0,66769000.0,0.52,0.5,0.0,2842021000.0,1717186000.0,1334383000.0,609710000.0,-711972000.0,181910000.0,-227991000.0,104262000.0,,412459000.0,77939000.0
Q,2014-03-31,False,Q1,2014,10-Q,1307846000.0,141316000.0,90183000.0,0.69,0.68,0.0,3061892000.0,1947820000.0,1376476000.0,741381000.0,-559525000.0,-28437000.0,-13979000.0,3007000.0,,409519000.0,17706000.0
Q,2015-03-31,False,Q1,2015,10-Q,1347593000.0,143217000.0,86398000.0,0.69,0.68,0.0,3236651000.0,2098823000.0,1320697000.0,779068000.0,-612307000.0,-64332000.0,-18308000.0,26342000.0,,462991000.0,16432000.0
Q,2014-09-30,False,Q3,2014,10-Q,1400034000.0,149142000.0,92654000.0,0.73,0.71,0.0,3106715000.0,1938603000.0,1426780000.0,645034000.0,-536232000.0,175797000.0,-145927000.0,-144377000.0,,468620000.0,57782000.0
Q,2015-06-30,False,Q2,2015,10-Q,1443527000.0,158389000.0,84951000.0,0.69,0.67,0.0,3341784000.0,2219842000.0,1353808000.0,803615000.0,-701678000.0,-13570000.0,-45466000.0,16465000.0,2525000000.0,463610000.0,31924000.0
IQV,2018-12-31,False,FY,2018,10-K,18600000000.0,741000000.0,259000000.0,1.27,1.24,0.0,22549000000.0,3874000000.0,3534000000.0,891000000.0,6954000000.0,1254000000.0,-810000000.0,-452000000.0,5253000000.0,11800000000.0,459000000.0
Q,2016-06-30,False,Q2,2016,10-Q,1552673000.0,150743000.0,86759000.0,0.73,0.71,0.0,3962798000.0,2436598000.0,1600288000.0,955684000.0,-228701000.0,152732000.0,-59556000.0,-102540000.0,,716640000.0,57373000.0
Q,2014-12-31,False,FY,2014,10-K,5459998000.0,590390000.0,356383000.0,2.78,2.72,0.0,3305832000.0,2146083000.0,1471900000.0,867358000.0,-704012000.0,331009000.0,-173114000.0,-130344000.0,2305606000.0,464434000.0,82650000.0
Q,2013-12-31,False,FY,2013,10-K,5099545000.0,462333000.0,226591000.0,1.83,1.77,0.0,3066797000.0,1945688000.0,1482247000.0,778143000.0,-667485000.0,104514000.0,-240175000.0,70957000.0,2060763000.0,409626000.0,92346000.0
Q,2015-12-31,False,FY,2015,10-K,5737619000.0,646612000.0,387205000.0,3.15,3.08,0.0,3926316000.0,2411985000.0,1594176000.0,977151000.0,-335681000.0,443233000.0,-66955000.0,-249246000.0,2500750000.0,719740000.0,78391000.0
Q,2017-09-30,False,Q3,2017,10-Q,2465000000.0,197000000.0,84000000.0,0.39,0.38,0.0,22445000000.0,3492000000.0,2853000000.0,1103000000.0,7507000000.0,737000000.0,-774000000.0,-117000000.0,9800000000.0,11598000000.0,267000000.0
Q,2017-03-31,False,Q1,2017,10-Q,2322000000.0,168000000.0,74000000.0,0.32,0.31,0.0,21183000000.0,3117000000.0,2596000000.0,862000000.0,7800000000.0,56000000.0,-240000000.0,-176000000.0,8383000000.0,10915000000.0,78000000.0
Q,2016-12-31,False,FY,2016,10-K,6878000000.0,642000000.0,115000000.0,0.77,0.76,0.0,21208000000.0,3337000000.0,2705000000.0,1198000000.0,8860000000.0,860000000.0,1731000000.0,-2284000000.0,7219000000.0,10727000000.0,164000000.0
Q,2016-09-30,False,Q3,2016,10-Q,1497173000.0,167770000.0,99167000.0,0.83,0.82,0.0,4128802000.0,2643132000.0,1619948000.0,1209677000.0,-81927000.0,412947000.0,-81850000.0,-78143000.0,,691441000.0,78076000.0
Q,2017-06-30,False,Q2,2017,10-Q,2375000000.0,151000000.0,75000000.0,0.35,0.34,0.0,21782000000.0,3259000000.0,2660000000.0,902000000.0,7774000000.0,301000000.0,-440000000.0,-210000000.0,8986000000.0,11258000000.0,178000000.0
Q,2016-03-31,False,Q1,2016,10-Q,1490085000.0,178796000.0,106668000.0,0.89,0.88,0.0,3982939000.0,2437156000.0,1578138000.0,1053212000.0,-205941000.0,112114000.0,-43472000.0,-4990000.0,,719651000.0,26199000.0
Q,2015-09-30,False,Q3,2015,10-Q,1424769000.0,167023000.0,111286000.0,0.91,0.89,0.0,4033736000.0,2520179000.0,1523975000.0,1081804000.0,-179926000.0,269376000.0,-39401000.0,21728000.0,2512875000.0,724014000.0,56692000.0
IQV,2017-12-31,False,FY,2017,10-K,9739000000.0,719000000.0,1309000000.0,6.01,5.88,0.0,22742000000.0,3450000000.0,2904000000.0,959000000.0,8358000000.0,970000000.0,-1190000000.0,-72000000.0,10269000000.0,11850000000.0,369000000.0
IQV,2018-06-30,False,Q2,2018,10-Q,17300000000.0,170000000.0,61000000.0,0.3,0.29,0.0,22626000000.0,3587000000.0,3166000000.0,879000000.0,7614000000.0,493000000.0,-450000000.0,-93000000.0,10782000000.0,11844000000.0,198000000.0
IQV,2018-03-31,False,Q1,2018,10-Q,2563000000.0,183000000.0,69000000.0,0.33,0.32,0.0,23235000000.0,3724000000.0,3199000000.0,960000000.0,8453000000.0,182000000.0,-120000000.0,-41000000.0,10488000000.0,12041000000.0,88000000.0
IQV,2018-09-30,False,Q3,2018,10-Q,18300000000.0,181000000.0,60000000.0,0.3,0.29,0.0,22498000000.0,3696000000.0,3380000000.0,827000000.0,7460000000.0,837000000.0,-632000000.0,-294000000.0,5338000000.0,11794000000.0,321000000.0
