symbol,end_date,amend,period_focus,fiscal_year,doc_type,revenues,op_income,net_income,eps_basic,eps_diluted,dividend,assets,cur_assets,cur_liab,cash,equity,cash_flow_op,cash_flow_inv,cash_flow_fin,debt,goodwill,cap_ex
IVC,2018-12-31,False,FY,2018,10-K,972347000.0,-18294000.0,-43922000.0,-1.33,-1.33,0.05,885855000.0,397410000.0,198208000.0,116907000.0,359147000.0,-46423000.0,-6363000.0,-2924000.0,,381273000.0,9823000.0
IVC,2011-09-30,False,Q3,2011,10-Q,456519000.0,,12800000.0,0.4,0.4,0.0125,1395918000.0,556254000.0,297798000.0,41280000.0,695320000.0,66588000.0,-58030000.0,-16724000.0,,571551000.0,15593000.0
IVC,2011-06-30,False,Q2,2011,10-Q,466412000.0,,10661000.0,0.33,0.32,0.0125,1362243000.0,557258000.0,304746000.0,38162000.0,702945000.0,36996000.0,-11154000.0,-38151000.0,,553504000.0,10104000.0
IVC,2011-12-31,False,FY,2011,10-K,1801130000.0,,-4113000.0,-0.13,-0.13,0.0,1281054000.0,528770000.0,287939000.0,34924000.0,626525000.0,99078000.0,-65263000.0,-47082000.0,265484000.0,496605000.0,22160000.0
IVC,2013-03-31,False,Q1,2013,10-Q,337616000.0,,35181000.0,1.1,1.1,0.0125,1145189000.0,455008000.0,262739000.0,25081000.0,657068000.0,-35303000.0,140693000.0,-119142000.0,116618000.0,462294000.0,3865000.0
IVC,2013-06-30,False,Q2,2013,10-Q,351796000.0,,-12461000.0,-0.39,-0.39,0.0125,1122397000.0,441022000.0,258744000.0,21447000.0,637463000.0,-29964000.0,136572000.0,-123355000.0,115052000.0,459867000.0,7666000.0
IVC,2012-09-30,False,Q3,2012,10-Q,452981000.0,,2864000.0,0.09,0.09,0.0125,1265726000.0,555205000.0,279621000.0,35282000.0,615142000.0,26822000.0,-14488000.0,-12202000.0,251188000.0,472704000.0,14775000.0
IVC,2012-12-31,False,FY,2012,10-K,1455461000.0,,1827000.0,0.06,0.06,0.0,1262294000.0,567949000.0,299735000.0,38791000.0,620989000.0,62291000.0,-29442000.0,-29768000.0,234802000.0,462200000.0,20091000.0
IVC,2013-09-30,False,Q3,2013,10-Q,341176000.0,,16102000.0,0.5,0.5,0.0125,1091397000.0,426847000.0,256658000.0,32625000.0,665191000.0,-1245000.0,178124000.0,-183248000.0,56069000.0,450727000.0,11086000.0
IVC,2012-03-31,False,Q1,2012,10-Q,433564000.0,,8233000.0,0.26,0.26,0.0,1300549000.0,553858000.0,293486000.0,32668000.0,637081000.0,-825000.0,-4627000.0,2631000.0,267647000.0,495095000.0,4681000.0
IVC,2012-06-30,False,Q2,2012,10-Q,454925000.0,,-1977000.0,-0.06,-0.06,0.0,1251579000.0,546187000.0,280540000.0,25495000.0,595948000.0,7748000.0,-10160000.0,-6314000.0,259195000.0,465324000.0,9794000.0
IVC,2015-03-31,False,Q1,2015,10-Q,289024000.0,,-7254000.0,-0.23,-0.23,0.0125,885502000.0,377894000.0,273317000.0,20618000.0,506923000.0,-22791000.0,10649000.0,-4157000.0,,386627000.0,2818000.0
IVC,2013-12-31,False,FY,2013,10-K,1352359000.0,,33051000.0,1.04,1.03,0.0,1096434000.0,419539000.0,276165000.0,29785000.0,670809000.0,10054000.0,175345000.0,-194488000.0,45286000.0,462226000.0,14158000.0
IVC,2014-12-31,False,FY,2014,10-K,1270163000.0,,-56070000.0,-1.75,-1.75,0.045,963731000.0,395342000.0,290227000.0,38931000.0,565322000.0,8892000.0,33582000.0,-32158000.0,,425711000.0,12327000.0
IVC,2014-09-30,False,Q3,2014,10-Q,320520000.0,,-15096000.0,-0.47,-0.47,0.0125,1024431000.0,405025000.0,289857000.0,29066000.0,607527000.0,138000.0,24844000.0,-25692000.0,,448105000.0,9295000.0
IVC,2014-06-30,False,Q2,2014,10-Q,331312000.0,,-13612000.0,-0.43,-0.43,0.0125,1079820000.0,418415000.0,267839000.0,23001000.0,643382000.0,-13899000.0,-1927000.0,7672000.0,56116000.0,463703000.0,6898000.0
IVC,2014-03-31,False,Q1,2014,10-Q,309069000.0,,-17976000.0,-0.56,-0.56,0.0125,1096015000.0,416862000.0,269821000.0,21260000.0,659911000.0,-7020000.0,-3966000.0,2019000.0,48957000.0,468314000.0,3626000.0
IVC,2016-03-31,False,Q1,2016,10-Q,257552000.0,-5455000.0,-8616000.0,-0.27,-0.27,0.0125,981727000.0,468211000.0,235294000.0,144704000.0,474824000.0,-38705000.0,-1521000.0,123910000.0,,370963000.0,1464000.0
IVC,2017-03-31,False,Q1,2017,10-Q,231723000.0,-10651000.0,-16780000.0,-0.52,-0.52,0.0125,868750000.0,380688000.0,209477000.0,76836000.0,407160000.0,-30330000.0,-3008000.0,-14424000.0,,360596000.0,3034000.0
IVC,2016-06-30,False,Q2,2016,10-Q,275037000.0,-5816000.0,-11580000.0,-0.36,-0.36,0.0125,972542000.0,457120000.0,233162000.0,125305000.0,472526000.0,-53831000.0,-3887000.0,121095000.0,,379222000.0,3803000.0
IVC,2015-12-31,False,FY,2015,10-K,1142338000.0,,-26190000.0,-0.81,-0.81,0.045,838143000.0,362121000.0,247644000.0,60055000.0,462818000.0,-5378000.0,44376000.0,-14346000.0,,361680000.0,7522000.0
IVC,2015-09-30,False,Q3,2015,10-Q,283776000.0,,-7790000.0,-0.24,-0.24,0.0125,865349000.0,357361000.0,248218000.0,33472000.0,490861000.0,-35549000.0,44353000.0,-11955000.0,,382289000.0,5896000.0
IVC,2017-06-30,False,Q2,2017,10-Q,233517000.0,-15686000.0,-23508000.0,-0.72,-0.72,0.0125,1018232000.0,471015000.0,207581000.0,160082000.0,425621000.0,-50468000.0,-5619000.0,89710000.0,,380560000.0,5504000.0
IVC,2016-09-30,False,Q3,2016,10-Q,268145000.0,2615000.0,-5020000.0,-0.15,-0.15,0.0125,950623000.0,443611000.0,224596000.0,138427000.0,465006000.0,-49385000.0,6967000.0,119362000.0,,378331000.0,6797000.0
IVC,2018-06-30,False,Q2,2018,10-Q,246152000.0,-6761000.0,-16543000.0,-0.5,-0.5,0.0125,1029910000.0,417210000.0,198760000.0,122398000.0,385180000.0,-47098000.0,-4477000.0,-1196000.0,,394051000.0,4227000.0
IVC,2018-03-31,False,Q1,2018,10-Q,237060000.0,-5148000.0,-14108000.0,-0.43,-0.43,0.0125,1067282000.0,445273000.0,212340000.0,150618000.0,422672000.0,-24651000.0,-2283000.0,-306000.0,,410291000.0,2065000.0
IVC,2017-12-31,False,FY,2017,10-K,966497000.0,-40159000.0,-76541000.0,-2.34,-2.34,0.045,1066033000.0,456914000.0,218064000.0,176528000.0,423294000.0,-25774000.0,-14648000.0,88097000.0,,401283000.0,14569000.0
IVC,2017-09-30,False,Q3,2017,10-Q,250906000.0,-5884000.0,-18591000.0,-0.57,-0.57,0.0125,1055374000.0,459356000.0,201354000.0,155964000.0,436025000.0,-53367000.0,-7502000.0,88035000.0,,401291000.0,7389000.0
IVC,2018-09-30,False,Q3,2018,10-Q,244559000.0,-5276000.0,-12026000.0,-0.36,-0.36,0.0125,962858000.0,409143000.0,199623000.0,118268000.0,369932000.0,-49542000.0,-4829000.0,-2080000.0,,391287000.0,7814000.0
IVC,2016-12-31,False,FY,2016,10-K,1047474000.0,-15215000.0,-42856000.0,-1.32,-1.32,0.045,903743000.0,409072000.0,220861000.0,124234000.0,422387000.0,-56613000.0,3649000.0,118549000.0,,360602000.0,10151000.0
IVC,2015-06-30,False,Q2,2015,10-Q,286273000.0,,-8217000.0,-0.26,-0.26,0.0125,891030000.0,386903000.0,263659000.0,22671000.0,492910000.0,-35395000.0,31941000.0,-10382000.0,,376205000.0,4283000.0
