symbol,end_date,amend,period_focus,fiscal_year,doc_type,revenues,op_income,net_income,eps_basic,eps_diluted,dividend,assets,cur_assets,cur_liab,cash,equity,cash_flow_op,cash_flow_inv,cash_flow_fin,debt,goodwill,cap_ex
KEY,2010-12-31,False,FY,2010,10-K,4491000000.0,,390000000.0,0.45,0.44,0.04,91843000000.0,,,278000000.0,11374000000.0,2724000000.0,1974000000.0,-4891000000.0,10592000000.0,917000000.0,156000000.0
KEY,2011-09-30,False,Q3,2011,10-Q,1038000000.0,,212000000.0,0.22,0.22,0.03,89262000000.0,,,828000000.0,9918000000.0,1875000000.0,1363000000.0,-2688000000.0,10717000000.0,917000000.0,102000000.0
KEY,2011-03-31,False,Q1,2011,10-Q,1061000000.0,,173000000.0,0.2,0.19,0.01,90438000000.0,,,540000000.0,9697000000.0,412000000.0,1392000000.0,-1542000000.0,11048000000.0,917000000.0,30000000.0
KEY,2010-06-30,False,Q2,2010,10-Q,1353000000.0,,29000000.0,0.03,0.03,0.01,94167000000.0,,,591000000.0,11072000000.0,1553000000.0,1298000000.0,-2731000000.0,10451000000.0,917000000.0,54000000.0
KEY,2010-03-31,False,Q1,2010,10-Q,1342000000.0,,-96000000.0,-0.11,-0.11,0.01,95303000000.0,,,619000000.0,10922000000.0,843000000.0,-200000000.0,-495000000.0,11177000000.0,917000000.0,21000000.0
KEY,2010-09-30,False,Q3,2010,10-Q,1330000000.0,,178000000.0,0.2,0.2,0.01,94043000000.0,,,823000000.0,11388000000.0,1969000000.0,1553000000.0,-3170000000.0,11443000000.0,917000000.0,102000000.0
KEY,2011-06-30,False,Q2,2011,10-Q,1024000000.0,,234000000.0,0.25,0.25,0.03,88782000000.0,,,853000000.0,9737000000.0,1454000000.0,2064000000.0,-2943000000.0,10997000000.0,917000000.0,74000000.0
KEY,2012-03-31,False,Q1,2012,10-Q,1031000000.0,,194000000.0,0.2,0.2,0.03,87431000000.0,,,416000000.0,10116000000.0,63000000.0,606000000.0,-947000000.0,8898000000.0,917000000.0,26000000.0
KEY,2011-12-31,False,FY,2011,10-K,4100000000.0,,813000000.0,0.87,0.87,0.1,88785000000.0,,,694000000.0,9922000000.0,1890000000.0,1642000000.0,-3116000000.0,9520000000.0,917000000.0,158000000.0
KEY,2012-06-30,False,Q2,2012,10-Q,1029000000.0,,231000000.0,0.24,0.24,0.05,86523000000.0,,,717000000.0,10176000000.0,235000000.0,1730000000.0,-1942000000.0,7521000000.0,917000000.0,53000000.0
KEY,2012-09-30,False,Q3,2012,10-Q,1122000000.0,,214000000.0,0.23,0.23,0.05,86950000000.0,,,974000000.0,10279000000.0,656000000.0,3015000000.0,-3391000000.0,6119000000.0,979000000.0,93000000.0
KEY,2013-06-30,False,Q2,2013,10-Q,1015000000.0,,198000000.0,0.22,0.22,0.055,90639000000.0,,,696000000.0,10261000000.0,946000000.0,-1626000000.0,792000000.0,6666000000.0,979000000.0,34000000.0
KEY,2012-12-31,False,FY,2012,10-K,4255000000.0,,836000000.0,0.89,0.89,0.18,89236000000.0,,,585000000.0,10309000000.0,1355000000.0,-242000000.0,-1222000000.0,6847000000.0,979000000.0,152000000.0
KEY,2013-03-31,False,Q1,2013,10-Q,1014000000.0,,199000000.0,0.22,0.21,0.05,89198000000.0,,,621000000.0,10379000000.0,-1073000000.0,1148000000.0,-38000000.0,7785000000.0,979000000.0,10000000.0
KEY,2009-12-31,False,FY,2009,10-K,5830000000.0,,-1629000000.0,-2.34,-2.34,0.0925,93287000000.0,,,471000000.0,10933000000.0,2320000000.0,6609000000.0,-9703000000.0,11558000000.0,917000000.0,229000000.0
KEY,2009-06-30,False,Q2,2009,10-Q,1709000000.0,,-390000000.0,-0.68,-0.68,0.01,97792000000.0,,,723000000.0,11060000000.0,588000000.0,3065000000.0,-4187000000.0,13462000000.0,917000000.0,73000000.0
KEY,2009-09-30,False,Q3,2009,10-Q,1322000000.0,,-438000000.0,-0.52,-0.52,0.01,96989000000.0,,,725000000.0,11188000000.0,1467000000.0,4064000000.0,-6051000000.0,12865000000.0,917000000.0,128000000.0
KEY,2013-09-30,False,Q3,2013,10-Q,1043000000.0,,266000000.0,0.29,0.29,0.055,90708000000.0,,,748000000.0,10236000000.0,1020000000.0,-1446000000.0,590000000.0,6154000000.0,979000000.0,60000000.0
KEY,2014-06-30,False,Q2,2014,10-Q,1035000000.0,,214000000.0,0.24,0.24,0.065,91798000000.0,,,604000000.0,10521000000.0,263000000.0,1082000000.0,-1358000000.0,8213000000.0,979000000.0,30000000.0
KEY,2014-03-31,False,Q1,2014,10-Q,1004000000.0,,236000000.0,0.27,0.26,0.055,90802000000.0,,,409000000.0,10419000000.0,156000000.0,1730000000.0,-2094000000.0,7712000000.0,979000000.0,11000000.0
KEY,2013-12-31,False,FY,2013,10-K,4114000000.0,,887000000.0,0.98,0.97,0.215,92934000000.0,,,617000000.0,10320000000.0,1579000000.0,-4224000000.0,2678000000.0,7650000000.0,979000000.0,100000000.0
KEY,2014-09-30,False,Q3,2014,10-Q,1001000000.0,,180000000.0,0.21,0.21,0.065,89784000000.0,,,651000000.0,10503000000.0,465000000.0,1495000000.0,-1926000000.0,7172000000.0,1051000000.0,53000000.0
KEY,2014-12-31,False,FY,2014,10-K,4118000000.0,,878000000.0,1.01,0.99,0.25,93821000000.0,,,653000000.0,10542000000.0,1320000000.0,-2816000000.0,1532000000.0,7875000000.0,1057000000.0,97000000.0
KEY,2015-09-30,False,Q3,2015,10-Q,1068000000.0,,213000000.0,0.26,0.25,0.075,95422000000.0,,,470000000.0,10717000000.0,249000000.0,-1437000000.0,1005000000.0,10310000000.0,1060000000.0,40000000.0
KEY,2015-12-31,False,FY,2015,10-K,4263000000.0,,893000000.0,1.06,1.05,0.29,95133000000.0,,,607000000.0,10759000000.0,1131000000.0,-2023000000.0,846000000.0,10186000000.0,1060000000.0,75000000.0
KEY,2015-03-31,False,Q1,2015,10-Q,1017000000.0,,227000000.0,0.27,0.26,0.065,94206000000.0,,,506000000.0,10613000000.0,-1102000000.0,582000000.0,373000000.0,8713000000.0,1057000000.0,3000000.0
KEY,2015-06-30,False,Q2,2015,10-Q,1080000000.0,,233000000.0,0.28,0.27,0.075,94606000000.0,,,693000000.0,10601000000.0,59000000.0,-835000000.0,816000000.0,10267000000.0,1057000000.0,17000000.0
KEY,2016-06-30,False,Q2,2016,10-Q,1081000000.0,,196000000.0,0.23,0.23,0.085,101150000000.0,,,496000000.0,11318000000.0,724000000.0,-6182000000.0,5347000000.0,11388000000.0,1060000000.0,30000000.0
KEY,2016-03-31,False,Q1,2016,10-Q,1042000000.0,,183000000.0,0.22,0.22,0.075,98402000000.0,,,474000000.0,11071000000.0,373000000.0,-3337000000.0,2831000000.0,10760000000.0,1060000000.0,8000000.0
KEY,2016-12-31,False,FY,2016,10-K,5024000000.0,,754000000.0,0.81,0.8,0.33,136500000000.0,,,677000000.0,15240000000.0,1689000000.0,-6457000000.0,4838000000.0,12384000000.0,2446000000.0,145000000.0
KEY,2017-06-30,False,Q2,2017,10-Q,1640000000.0,,398000000.0,0.37,0.36,0.095,135824000000.0,,,601000000.0,15255000000.0,-589000000.0,1268000000.0,-755000000.0,13261000000.0,2464000000.0,24000000.0
KEY,2017-09-30,False,Q3,2017,10-Q,1554000000.0,,350000000.0,0.32,0.32,0.095,136733000000.0,,,562000000.0,15250000000.0,1079000000.0,-833000000.0,-361000000.0,15100000000.0,2487000000.0,56000000.0
KEY,2017-03-31,False,Q1,2017,10-Q,1506000000.0,,296000000.0,0.28,0.27,0.085,134476000000.0,,,549000000.0,14978000000.0,-405000000.0,1923000000.0,-1646000000.0,12324000000.0,2427000000.0,2000000.0
KEY,2016-09-30,False,Q3,2016,10-Q,1337000000.0,,166000000.0,0.17,0.17,0.085,135805000000.0,,,749000000.0,14998000000.0,860000000.0,-4444000000.0,3726000000.0,12622000000.0,2480000000.0,79000000.0
KEY,2018-03-31,False,Q1,2018,10-Q,1553000000.0,,404000000.0,0.38,0.38,0.105,137049000000.0,,,643000000.0,14946000000.0,-211000000.0,749000000.0,-566000000.0,13749000000.0,2538000000.0,19000000.0
KEY,2017-12-31,False,FY,2017,10-K,6308000000.0,,1226000000.0,1.14,1.13,0.38,137700000000.0,,,671000000.0,15025000000.0,1815000000.0,-2239000000.0,418000000.0,14333000000.0,2538000000.0,112000000.0
