symbol,end_date,amend,period_focus,fiscal_year,doc_type,revenues,op_income,net_income,eps_basic,eps_diluted,dividend,assets,cur_assets,cur_liab,cash,equity,cash_flow_op,cash_flow_inv,cash_flow_fin,debt,goodwill,cap_ex
KNL,2012-03-31,False,Q1,2012,10-Q,196662000.0,15452000.0,7257000.0,0.16,0.15,0.1,676256000.0,245207000.0,150293000.0,11748000.0,170369000.0,-13520000.0,-9167000.0,5738000.0,,82172000.0,175000.0
KNL,2011-06-30,False,Q2,2011,10-Q,238650000.0,23325000.0,12975000.0,0.28,0.28,0.1,678356000.0,251915000.0,164050000.0,13481000.0,155915000.0,12774000.0,-7120000.0,-21761000.0,,76383000.0,7120000.0
KNL,2018-12-31,False,FY,2018,10-K,12413000.0,115193000.0,73248000.0,1.51,1.49,0.6,1226949000.0,331615000.0,272778000.0,1560000.0,386510000.0,108208000.0,-348272000.0,239804000.0,,320759000.0,40289000.0
KNL,2011-12-31,False,FY,2011,10-K,922200000.0,97071000.0,58011000.0,1.25,1.24,0.36,688091000.0,264893000.0,183128000.0,28263000.0,165423000.0,66921000.0,-16332000.0,-49913000.0,212000000.0,76571000.0,325000.0
KNL,2012-06-30,False,Q2,2012,10-Q,221018000.0,20803000.0,13055000.0,0.28,0.28,0.1,664812000.0,235059000.0,142461000.0,11473000.0,176082000.0,6482000.0,-12616000.0,-9064000.0,,80340000.0,175000.0
KNL,2011-09-30,False,Q3,2011,10-Q,239543000.0,25015000.0,18389000.0,0.4,0.39,0.1,677438000.0,256050000.0,174017000.0,10738000.0,162971000.0,31124000.0,-9733000.0,-39696000.0,,75664000.0,150000.0
KNL,2012-09-30,False,Q3,2012,10-Q,219794000.0,23522000.0,12197000.0,0.26,0.26,0.12,668784000.0,237676000.0,148159000.0,10690000.0,189072000.0,29055000.0,-16544000.0,-29224000.0,,80667000.0,488000.0
KNL,2013-06-30,False,Q2,2013,10-Q,214312000.0,12408000.0,7888000.0,0.17,0.17,0.12,679591000.0,236158000.0,157931000.0,11063000.0,190663000.0,16011000.0,-17414000.0,-16428000.0,,80026000.0,275000.0
KNL,2012-12-31,False,FY,2012,10-K,887499000.0,87901000.0,50001000.0,1.07,1.06,0.44,695053000.0,258522000.0,175945000.0,29956000.0,188100000.0,70568000.0,-23001000.0,-45791000.0,193000000.0,80332000.0,488000.0
KNL,2013-03-31,False,Q1,2013,10-Q,200586000.0,10294000.0,6074000.0,0.13,0.13,0.12,664656000.0,225856000.0,143170000.0,12701000.0,189661000.0,-4133000.0,-6901000.0,-5643000.0,,80355000.0,275000.0
KNL,2013-09-30,False,Q3,2013,10-Q,216898000.0,17051000.0,8550000.0,0.18,0.18,0.12,673370000.0,228541000.0,145438000.0,13513000.0,200657000.0,31349000.0,-20761000.0,-27150000.0,,80250000.0,275000.0
KNL,2013-12-31,False,FY,2013,10-K,862668000.0,41060000.0,23146000.0,0.49,0.49,0.48,677334000.0,236199000.0,168303000.0,12026000.0,228442000.0,54614000.0,-29379000.0,-43508000.0,173000000.0,79951000.0,315000.0
KNL,2014-03-31,False,Q1,2014,10-Q,229331000.0,11825000.0,8186000.0,0.17,0.17,120.0,804430000.0,263147000.0,177879000.0,9134000.0,224197000.0,12871000.0,-101478000.0,85666000.0,,125822000.0,315000.0
KNL,2014-06-30,False,Q2,2014,10-Q,265797000.0,22195000.0,10839000.0,0.23,0.23,0.12,829058000.0,280117000.0,201700000.0,8473000.0,235153000.0,31277000.0,-111405000.0,76296000.0,,129875000.0,315000.0
KNL,2015-03-31,False,Q1,2015,10-Q,266498000.0,22299000.0,17435000.0,0.37,0.36,0.12,869893000.0,318053000.0,192317000.0,14675000.0,212853000.0,-26055000.0,-4864000.0,29688000.0,300000000.0,128278000.0,0.0
KNL,2015-09-30,False,Q3,2015,10-Q,263588000.0,28704000.0,17833000.0,0.37,0.37,0.12,842260000.0,288890000.0,178721000.0,9757000.0,242968000.0,38139000.0,-19837000.0,-23985000.0,257500000.0,127916000.0,330000.0
KNL,2014-09-30,False,Q3,2014,10-Q,268297000.0,23315000.0,15622000.0,0.33,0.33,0.12,837867000.0,282385000.0,209581000.0,15700000.0,239710000.0,64716000.0,-125656000.0,66141000.0,,128684000.0,315000.0
KNL,2015-06-30,False,Q2,2015,10-Q,268622000.0,28255000.0,17222000.0,0.36,0.36,0.12,851366000.0,297582000.0,182021000.0,10342000.0,228791000.0,7442000.0,-12670000.0,-1169000.0,274000000.0,128379000.0,330000.0
KNL,2016-09-30,False,Q3,2016,10-Q,292097000.0,35203000.0,21607000.0,0.45,0.44,0.15,849055000.0,287476000.0,209060000.0,11187000.0,302724000.0,95662000.0,-33831000.0,-55602000.0,195000000.0,134241000.0,8389000.0
KNL,2017-06-30,False,Q2,2017,10-Q,268694000.0,22230000.0,12938000.0,0.27,0.26,0.15,864648000.0,276520000.0,204872000.0,5924000.0,320326000.0,32238000.0,-20756000.0,-16748000.0,235000000.0,141759000.0,20756000.0
KNL,2017-03-31,False,Q1,2017,10-Q,256820000.0,23034000.0,15396000.0,0.32,0.31,0.15,856579000.0,272227000.0,194370000.0,3035000.0,311177000.0,3825000.0,-10650000.0,-249000.0,244000000.0,141471000.0,10650000.0
KNL,2015-12-31,False,FY,2015,10-K,1104442000.0,101110000.0,65948000.0,1.38,1.36,0.51,856085000.0,308772000.0,216040000.0,4192000.0,255474000.0,88854000.0,-29610000.0,-67517000.0,222000000.0,127671000.0,29610000.0
KNL,2016-03-31,False,Q1,2016,10-Q,284629000.0,31849000.0,17259000.0,0.36,0.36,0.15,847465000.0,301337000.0,200564000.0,5348000.0,270245000.0,21115000.0,-7017000.0,-13558000.0,222000000.0,128174000.0,7017000.0
KNL,2016-06-30,False,Q2,2016,10-Q,294700000.0,33474000.0,21298000.0,0.44,0.44,0.15,849000000.0,299345000.0,195915000.0,3548000.0,287934000.0,45677000.0,-15057000.0,-32848000.0,210000000.0,128142000.0,15057000.0
KNL,2014-12-31,False,FY,2014,10-K,1050294000.0,76843000.0,46585000.0,0.98,0.97,0.48,868943000.0,311819000.0,231774000.0,19021000.0,213218000.0,88227000.0,-135250000.0,57265000.0,258000000.0,128918000.0,315000.0
KNL,2017-09-30,False,Q3,2017,10-Q,291256000.0,30125000.0,19132000.0,0.39,0.39,0.15,875192000.0,282609000.0,215217000.0,5833000.0,340109000.0,59404000.0,-29433000.0,-38994000.0,220000000.0,142158000.0,29433000.0
KNL,2016-12-31,False,FY,2016,10-K,1164292000.0,136308000.0,82084000.0,1.71,1.68,0.6,858613000.0,276808000.0,222373000.0,9854000.0,309469000.0,104295000.0,-58561000.0,-38834000.0,,141391000.0,40105000.0
KNL,2018-09-30,False,Q3,2018,10-Q,3015000.0,32920000.0,20323000.0,0.42,0.41,0.15,1212288000.0,322641000.0,251697000.0,7317000.0,385056000.0,63795000.0,-329332000.0,259817000.0,,323085000.0,21349000.0
KNL,2018-06-30,False,Q2,2018,10-Q,323351000.0,24812000.0,13124000.0,0.27,0.27,0.15,1206555000.0,316464000.0,243562000.0,1359000.0,369062000.0,33773000.0,-320119000.0,283257000.0,495989000.0,326356000.0,16031000.0
KNL,2018-03-31,False,Q1,2018,10-Q,296559000.0,22460000.0,15259000.0,0.31,0.31,0.15,1235502000.0,327471000.0,237767000.0,16154000.0,366394000.0,5601000.0,-312216000.0,320345000.0,527458000.0,337135000.0,8468000.0
KNL,2017-12-31,False,FY,2017,10-K,1132892000.0,87969000.0,80163000.0,1.66,1.63,0.6,861041000.0,278270000.0,223080000.0,2203000.0,358729000.0,103734000.0,-40587000.0,-74542000.0,,142113000.0,40587000.0
