symbol,end_date,amend,period_focus,fiscal_year,doc_type,revenues,op_income,net_income,eps_basic,eps_diluted,dividend,assets,cur_assets,cur_liab,cash,equity,cash_flow_op,cash_flow_inv,cash_flow_fin,debt,goodwill,cap_ex
KRC,2018-12-31,False,FY,2018,10-K,747298000.0,,258415000.0,2.56,2.55,1.79,7765707000.0,,,51604000.0,4201261000.0,410043000.0,-808915000.0,503108000.0,335531000.0,,166440000.0
KRC,2010-09-30,False,Q3,2010,10-Q,79804000.0,,-126000.0,-0.01,-0.01,0.35,2535684000.0,,,8313000.0,1133436000.0,94928000.0,-434655000.0,338157000.0,205000000.0,,
KRC,2011-03-31,False,Q1,2011,10-Q,88125000.0,,1034000.0,0.01,0.01,0.35,2841933000.0,,,6708000.0,1102523000.0,43797000.0,-61137000.0,9208000.0,57000000.0,,
KRC,2010-06-30,False,Q2,2010,10-Q,72416000.0,,-1783000.0,-0.04,-0.04,0.35,2556509000.0,,,29428000.0,1152066000.0,57388000.0,-414108000.0,376265000.0,150000000.0,,
KRC,2010-12-31,False,FY,2010,10-K,301980000.0,,4512000.0,0.07,0.07,1.4,2816565000.0,,,14840000.0,1117730000.0,119827000.0,-701774000.0,586904000.0,159000000.0,,
KRC,2011-06-30,False,Q2,2011,10-Q,92064000.0,65524000.0,-317000.0,-0.01,-0.01,0.35,3264787000.0,,,25412000.0,1303533000.0,56465000.0,-435519000.0,389626000.0,245000000.0,,
KRC,2011-09-30,False,Q3,2011,10-Q,97337000.0,69118000.0,10195000.0,0.17,0.17,0.35,3367684000.0,,,15481000.0,1294343000.0,114065000.0,-553215000.0,439791000.0,0.0,,
KRC,2012-06-30,False,FY,2012,10-Q,103922000.0,73230000.0,-800000.0,-0.02,-0.02,0.35,3847522000.0,,,18111000.0,1733066000.0,78633000.0,-301592000.0,236293000.0,102000000.0,,
KRC,2012-03-31,False,FY,2012,10-Q,99410000.0,72682000.0,67540000.0,1.06,1.06,0.35,3959341000.0,,,374368000.0,1729850000.0,48742000.0,-97084000.0,417933000.0,0.0,,
KRC,2013-09-30,False,Q3,2013,10-Q,115697000.0,,5584000.0,0.07,0.07,0.35,5089276000.0,,,197150000.0,2524094000.0,186310000.0,-281664000.0,275804000.0,0.0,,83991000.0
KRC,2012-09-30,False,Q3,2012,10-Q,104293000.0,,-2753000.0,-0.04,-0.04,0.35,4215841000.0,,,16113000.0,2061368000.0,147327000.0,-541323000.0,405332000.0,27000000.0,,
KRC,2014-03-31,False,Q1,2014,10-Q,125785000.0,,96532000.0,1.17,1.14,0.35,5114543000.0,,,95534000.0,2585610000.0,45081000.0,97278000.0,-82202000.0,0.0,,32016000.0
KRC,2013-03-31,False,Q1,2013,10-Q,117497000.0,,-903000.0,-0.02,-0.02,0.35,4755287000.0,,,135676000.0,2232540000.0,56499000.0,43447000.0,19030000.0,0.0,,
KRC,2011-12-31,False,FY,2011,10-K,367131000.0,259318000.0,50819000.0,0.87,0.87,1.4,3446795000.0,,,4777000.0,1327482000.0,138256000.0,-634283000.0,485964000.0,1500000000.0,,
KRC,2012-12-31,False,FY,2012,10-K,404912000.0,,249826000.0,3.56,3.56,1.4,4616084000.0,,,16700000.0,2235933000.0,180724000.0,-706506000.0,537705000.0,185000000.0,,
KRC,2013-06-30,False,Q2,2013,10-Q,124478000.0,,6633000.0,0.08,0.08,0.35,4775522000.0,,,107823000.0,2238379000.0,107004000.0,-20622000.0,4741000.0,0.0,,
KRC,2015-03-31,False,Q1,2015,10-Q,146082000.0,,39874000.0,0.45,0.45,0.35,5725480000.0,,,50181000.0,2859206000.0,54979000.0,-77309000.0,48730000.0,130000000.0,,24345000.0
KRC,2015-06-30,False,Q2,2015,10-Q,146227000.0,,54188000.0,0.61,0.61,0.35,5686925000.0,,,28142000.0,2913105000.0,116828000.0,-85020000.0,-27447000.0,100000000.0,,50969000.0
KRC,2015-09-30,False,Q3,2015,10-Q,141553000.0,,101446000.0,1.1,1.09,0.35,6353392000.0,,,567940000.0,3237062000.0,202612000.0,-136666000.0,478213000.0,0.0,,71756000.0
KRC,2013-12-31,False,FY,2013,10-K,465098000.0,,30630000.0,0.37,0.36,1.4,5111028000.0,,,35377000.0,2516160000.0,240576000.0,-506520000.0,284621000.0,1600000000.0,,129873000.0
KRC,2013-12-31,False,FY,2013,10-K,465098000.0,,30630000.0,0.37,0.36,1.4,5111028000.0,,,35377000.0,2516160000.0,240576000.0,-506520000.0,284621000.0,1600000000.0,,129873000.0
KRC,2014-12-31,False,FY,2014,10-K,521725000.0,,166969000.0,1.99,1.95,1.4,5633736000.0,,,23781000.0,2723936000.0,245253000.0,-501436000.0,244587000.0,1900000000.0,,132080000.0
KRC,2015-12-31,False,FY,2015,10-K,581275000.0,,220831000.0,2.44,2.42,1.4,5939469000.0,,,56508000.0,3234586000.0,272008000.0,-262752000.0,23471000.0,2238508000.0,,99557000.0
KRC,2014-09-30,False,Q3,2014,10-Q,129024000.0,,15669000.0,0.18,0.18,0.35,5487464000.0,,,200431000.0,2620369000.0,197264000.0,-188958000.0,156748000.0,0.0,,93977000.0
KRC,2014-06-30,False,Q2,2014,10-Q,129194000.0,,27228000.0,0.33,0.32,0.35,5273792000.0,,,24571000.0,2623340000.0,106862000.0,-121864000.0,4196000.0,90000000.0,,66923000.0
KRC,2016-06-30,False,Q2,2016,10-Q,160133000.0,,29535000.0,0.32,0.31,0.375,6298433000.0,,,26332000.0,3426634000.0,137629000.0,-304531000.0,136726000.0,1657970000.0,,65543000.0
KRC,2016-03-31,False,Q1,2016,10-Q,145446000.0,,170995000.0,1.85,1.84,0.35,6204110000.0,,,38645000.0,3424698000.0,78204000.0,-126733000.0,30666000.0,1657374000.0,,25938000.0
KRC,2016-09-30,False,Q3,2016,10-Q,168348000.0,,50582000.0,0.54,0.54,0.375,6332139000.0,,,250523000.0,3641902000.0,252605000.0,-124207000.0,65617000.0,1658568000.0,,81688000.0
KRC,2017-03-31,False,Q1,2017,10-Q,179308000.0,,26329000.0,0.27,0.26,0.375,6993665000.0,,,478391000.0,3966141000.0,96375000.0,-86388000.0,225474000.0,0.0,,21446000.0
KRC,2018-03-31,False,Q1,2018,10-Q,182822000.0,,36246000.0,0.36,0.36,0.425,6965932000.0,,,53069000.0,3947472000.0,94109000.0,-247655000.0,139817000.0,50000000.0,,35302000.0
KRC,2017-09-30,False,Q3,2017,10-Q,181534000.0,,66558000.0,0.67,0.67,0.425,6838299000.0,,,64954000.0,3895880000.0,276542000.0,-180712000.0,-101729000.0,60000000.0,,61875000.0
KRC,2018-06-30,False,Q2,2018,10-Q,187072000.0,,27549000.0,0.27,0.27,0.455,7384784000.0,,,50817000.0,4063873000.0,188843000.0,-664346000.0,459522000.0,295000000.0,,74079000.0
KRC,2017-06-30,False,Q2,2017,10-Q,180598000.0,,29833000.0,0.3,0.3,0.425,6995367000.0,,,387616000.0,3962471000.0,178416000.0,-216018000.0,183338000.0,0.0,,40738000.0
KRC,2016-12-31,False,FY,2016,10-K,642572000.0,,280538000.0,3.0,2.97,3.375,6706633000.0,,,193418000.0,3759317000.0,345054000.0,-635435000.0,427291000.0,472772000.0,,111961000.0
KRC,2018-09-30,False,Q3,2018,10-Q,186562000.0,,34400000.0,0.34,0.33,0.455,7562236000.0,,,86517000.0,4074919000.0,317215000.0,-805400000.0,507904000.0,330000000.0,,107825000.0
KRC,2017-12-31,False,FY,2017,10-K,719001000.0,,151249000.0,1.52,1.51,1.65,6802838000.0,,,57649000.0,3960316000.0,347012000.0,-359102000.0,-171241000.0,340800000.0,,88425000.0
