symbol,end_date,amend,period_focus,fiscal_year,doc_type,revenues,op_income,net_income,eps_basic,eps_diluted,dividend,assets,cur_assets,cur_liab,cash,equity,cash_flow_op,cash_flow_inv,cash_flow_fin,debt,goodwill,cap_ex
KRO,2018-09-30,False,Q3,2018,10-Q,410300000.0,58100000.0,32600000.0,0.28,0.28,0.17,1934900000.0,1238400000.0,249600000.0,432300000.0,873400000.0,199000000.0,-21800000.0,-59600000.0,465900000.0,,35400000.0
KRO,2012-06-30,False,Q2,2012,10-Q,545300000.0,110600000.0,64500000.0,0.56,0.56,0.15,2115800000.0,1188700000.0,392000000.0,91600000.0,1054000000.0,-67000000.0,-31600000.0,109000000.0,497000000.0,,31900000.0
KRO,2011-06-30,False,Q2,2011,10-Q,537500000.0,144200000.0,89000000.0,0.77,0.77,0.15,1786700000.0,829700000.0,226000000.0,72200000.0,847700000.0,80200000.0,-159100000.0,-156100000.0,,,24600000.0
KRO,2011-09-30,False,Q3,2011,10-Q,548000000.0,156600000.0,85900000.0,0.74,0.74,0.15,1776700000.0,840400000.0,294800000.0,112100000.0,889000000.0,243400000.0,-173500000.0,-263300000.0,,,38700000.0
KRO,2012-03-31,False,Q1,2012,10-Q,561300000.0,209400000.0,136900000.0,1.18,1.18,0.15,2062100000.0,1083500000.0,316200000.0,47900000.0,1054900000.0,-104700000.0,-19800000.0,89600000.0,,,23300000.0
KRO,2012-09-30,False,Q3,2012,10-Q,472900000.0,38500000.0,35200000.0,0.3,0.3,0.15,2036200000.0,1054600000.0,305500000.0,110900000.0,1115600000.0,57500000.0,-57500000.0,27200000.0,437600000.0,,45500000.0
KRO,2013-06-30,False,Q2,2013,10-Q,481100000.0,-47700000.0,-33900000.0,-0.29,-0.29,0.15,1742300000.0,925500000.0,275700000.0,102000000.0,936900000.0,-15100000.0,-33500000.0,-130900000.0,307800000.0,,33800000.0
KRO,2013-09-30,False,Q3,2013,10-Q,419100000.0,-37000000.0,-29900000.0,-0.26,-0.26,0.15,1673800000.0,821500000.0,297400000.0,59800000.0,920500000.0,60800000.0,-49400000.0,-234600000.0,224000000.0,,49900000.0
KRO,2011-12-31,False,FY,2011,10-K,1943300000.0,546500000.0,321000000.0,2.77,2.77,1.075,1823900000.0,865000000.0,328000000.0,82500000.0,924300000.0,295600000.0,-218100000.0,-299600000.0,,,68600000.0
KRO,2013-03-31,False,Q1,2013,10-Q,463600000.0,-46900000.0,-41100000.0,-0.35,-0.35,0.15,1860300000.0,1035500000.0,329800000.0,102200000.0,982500000.0,-39300000.0,-18300000.0,-120900000.0,299700000.0,,19000000.0
KRO,2014-06-30,False,Q2,2014,10-Q,443500000.0,44300000.0,33100000.0,0.29,0.29,0.15,1733000000.0,943900000.0,249000000.0,177900000.0,931300000.0,19800000.0,-20500000.0,125100000.0,349700000.0,,27700000.0
KRO,2014-03-31,False,Q1,2014,10-Q,420100000.0,26000000.0,14300000.0,0.12,0.12,0.15,1756000000.0,937900000.0,274900000.0,179000000.0,920600000.0,-2500000.0,-15700000.0,143500000.0,350500000.0,,16300000.0
KRO,2012-12-31,False,FY,2012,10-K,1976300000.0,359600000.0,218500000.0,1.89,1.89,0.6,2027000000.0,1223400000.0,328400000.0,282700000.0,1062100000.0,76900000.0,149800000.0,-28100000.0,400100000.0,,74800000.0
KRO,2013-12-31,False,FY,2013,10-K,1732400000.0,-132600000.0,-102000000.0,-0.88,-0.88,0.6,1619100000.0,781200000.0,278000000.0,53800000.0,935100000.0,130400000.0,-68200000.0,-292300000.0,183500000.0,,67600000.0
KRO,2014-09-30,False,Q3,2014,10-Q,414800000.0,47900000.0,31900000.0,0.28,0.28,0.15,1651400000.0,897600000.0,211300000.0,151200000.0,900900000.0,26500000.0,-32400000.0,107900000.0,3000000.0,,39900000.0
KRO,2015-03-31,False,Q1,2015,10-Q,365100000.0,32200000.0,18400000.0,0.16,0.16,0.15,1504500000.0,817100000.0,193800000.0,121400000.0,718500000.0,-10000000.0,-11000000.0,-17000000.0,,,11700000.0
KRO,2015-09-30,False,Q3,2015,10-Q,336500000.0,-3200000.0,-11800000.0,-0.1,-0.1,0.15,1312700000.0,781200000.0,204700000.0,126800000.0,507700000.0,50100000.0,-31000000.0,-53700000.0,0.0,,31700000.0
KRO,2016-03-31,False,Q1,2016,10-Q,318400000.0,-300000.0,-3800000.0,-0.03,-0.03,0.15,1241200000.0,695200000.0,188900000.0,55500000.0,454800000.0,-15300000.0,-13700000.0,-9200000.0,9200000.0,,14300000.0
KRO,2017-03-31,False,Q1,2017,10-Q,369800000.0,52300000.0,36800000.0,0.32,0.32,0.15,1269000000.0,734300000.0,205500000.0,89800000.0,426800000.0,41600000.0,-11900000.0,7600000.0,26000000.0,,11900000.0
KRO,2016-09-30,False,Q3,2016,10-Q,356100000.0,28000000.0,22200000.0,0.19,0.19,0.15,1241500000.0,690500000.0,206500000.0,92100000.0,454900000.0,68700000.0,-33600000.0,-36500000.0,18500000.0,,34300000.0
KRO,2016-06-30,False,Q2,2016,10-Q,356100000.0,10500000.0,1700000.0,0.01,0.01,0.15,1234400000.0,697400000.0,218600000.0,79200000.0,436600000.0,16600000.0,-23300000.0,-6700000.0,30000000.0,,23700000.0
KRO,2015-06-30,False,Q2,2015,10-Q,360200000.0,-10400000.0,-159800000.0,-1.38,-1.38,0.15,1367900000.0,820400000.0,212100000.0,115700000.0,551600000.0,8300000.0,-18800000.0,-35400000.0,0.0,,19300000.0
KRO,2015-12-31,False,FY,2015,10-K,1348800000.0,-1100000.0,-173600000.0,-1.5,-1.5,0.6,1242700000.0,710800000.0,201700000.0,92500000.0,461900000.0,52100000.0,-46800000.0,-72100000.0,4500000.0,,47100000.0
KRO,2014-12-31,False,FY,2014,10-K,1651900000.0,149700000.0,99200000.0,0.86,0.86,0.6,1642500000.0,886200000.0,237900000.0,167700000.0,781100000.0,87700000.0,-54000000.0,89600000.0,348600000.0,,61200000.0
KRO,2017-09-30,False,Q3,2017,10-Q,464500000.0,91600000.0,73800000.0,0.64,0.64,0.15,1710400000.0,1021200000.0,240000000.0,316700000.0,710700000.0,218300000.0,-40700000.0,76700000.0,,,40700000.0
KRO,2018-06-30,False,Q2,2018,10-Q,471800000.0,119900000.0,77700000.0,0.67,0.67,0.17,1930400000.0,1230500000.0,265400000.0,431900000.0,853600000.0,169700000.0,-11200000.0,-39700000.0,461600000.0,,24800000.0
KRO,2018-03-31,False,Q1,2018,10-Q,430400000.0,107500000.0,70700000.0,0.61,0.61,0.17,1938600000.0,1195500000.0,261100000.0,364600000.0,818300000.0,58200000.0,-1600000.0,-19800000.0,488100000.0,,15200000.0
KRO,2017-06-30,False,Q2,2017,10-Q,441400000.0,70100000.0,196500000.0,1.7,1.7,0.15,1472900000.0,800000000.0,210900000.0,114100000.0,620800000.0,101600000.0,-26600000.0,-20400000.0,16300000.0,,26600000.0
KRO,2016-12-31,False,FY,2016,10-K,1364300000.0,81100000.0,43300000.0,0.37,0.37,0.6,1179600000.0,650400000.0,182100000.0,50700000.0,395000000.0,89600000.0,-53000000.0,-73300000.0,0.0,,53000000.0
KRO,2017-12-31,False,FY,2017,10-K,1729000000.0,330400000.0,354500000.0,3.06,3.06,0.6,1824400000.0,1062500000.0,231500000.0,322000000.0,754300000.0,276100000.0,-77900000.0,58800000.0,0.0,,64300000.0
