symbol,end_date,amend,period_focus,fiscal_year,doc_type,revenues,op_income,net_income,eps_basic,eps_diluted,dividend,assets,cur_assets,cur_liab,cash,equity,cash_flow_op,cash_flow_inv,cash_flow_fin,debt,goodwill,cap_ex
LDL,2011-06-30,False,Q2,2011,10-Q,98831000.0,4985000.0,7727000.0,0.46,0.46,0.0,252239000.0,140860000.0,54332000.0,38280000.0,172979000.0,5767000.0,7016000.0,-666000.0,,18564000.0,3338000.0
LDL,2011-09-30,False,Q3,2011,10-Q,93741000.0,2272000.0,1131000.0,0.07,0.07,0.0,242609000.0,136614000.0,52448000.0,22107000.0,166711000.0,2074000.0,-4032000.0,-999000.0,,18188000.0,5945000.0
LDL,2011-12-31,False,FY,2011,10-K,383588000.0,16188000.0,13779000.0,0.82,0.82,0.0,235185000.0,130820000.0,44799000.0,30905000.0,160852000.0,14657000.0,-6309000.0,-1621000.0,,18059000.0,8884000.0
LDL,2018-12-31,False,FY,2018,10-K,888355000.0,49188000.0,34944000.0,2.03,2.02,0.0,872686000.0,317078000.0,121346000.0,49237000.0,369275000.0,44739000.0,-300965000.0,247476000.0,324813000.0,196963000.0,31291000.0
LDL,2012-09-30,False,Q3,2012,10-Q,94167000.0,5200000.0,3875000.0,0.23,0.23,0.0,251085000.0,150117000.0,50515000.0,51511000.0,173234000.0,19211000.0,5070000.0,-3551000.0,,18142000.0,7945000.0
LDL,2013-03-31,False,Q1,2013,10-Q,99029000.0,6517000.0,4492000.0,0.27,0.26,0.0,258869000.0,161141000.0,49651000.0,57467000.0,177964000.0,-3217000.0,-2463000.0,196000.0,,18191000.0,2463000.0
LDL,2012-03-31,False,Q1,2012,10-Q,96754000.0,5402000.0,3912000.0,0.23,0.23,0.0,247906000.0,143063000.0,51372000.0,40766000.0,167263000.0,613000.0,9053000.0,-358000.0,,18219000.0,2962000.0
LDL,2012-06-30,False,Q2,2012,10-Q,97535000.0,8743000.0,6592000.0,0.39,0.39,0.0,247030000.0,145001000.0,50145000.0,46055000.0,168315000.0,12527000.0,6230000.0,-3082000.0,,18018000.0,5785000.0
LDL,2012-12-31,False,FY,2012,10-K,378924000.0,21378000.0,16806000.0,1.01,0.99,0.0,251916000.0,151801000.0,46350000.0,63623000.0,174496000.0,34405000.0,1611000.0,-3871000.0,1646000.0,18282000.0,11404000.0
LDL,2013-06-30,False,Q2,2013,10-Q,101051000.0,9521000.0,5955000.0,0.36,0.35,0.0,261393000.0,163360000.0,49095000.0,58542000.0,179651000.0,6480000.0,-5673000.0,-5511000.0,,18272000.0,5515000.0
LDL,2014-03-31,False,Q1,2014,10-Q,125226000.0,7626000.0,3716000.0,0.22,0.22,0.0,366640000.0,217150000.0,72339000.0,51128000.0,204263000.0,-2860000.0,-81964000.0,60014000.0,60881000.0,22290000.0,2807000.0
LDL,2013-09-30,False,Q3,2013,10-Q,97995000.0,7386000.0,4575000.0,0.28,0.27,0.0,272785000.0,172540000.0,50531000.0,59996000.0,187904000.0,10908000.0,-9660000.0,-5546000.0,,18491000.0,9502000.0
LDL,2015-03-31,False,Q1,2015,10-Q,127306000.0,10078000.0,18937000.0,1.12,1.11,0.0,366556000.0,228626000.0,78201000.0,72103000.0,214991000.0,-1097000.0,20974000.0,-6495000.0,40696000.0,16796000.0,7396000.0
LDL,2014-09-30,False,Q3,2014,10-Q,134227000.0,5779000.0,4158000.0,0.25,0.24,0.0,375548000.0,229266000.0,70989000.0,76567000.0,213759000.0,30499000.0,-88161000.0,61527000.0,60488000.0,22134000.0,8641000.0
LDL,2013-12-31,False,FY,2013,10-K,397969000.0,28713000.0,19155000.0,1.16,1.14,0.0,274685000.0,172261000.0,48684000.0,75407000.0,200087000.0,30280000.0,-13986000.0,-5617000.0,1051000.0,18589000.0,13826000.0
LDL,2015-06-30,False,Q2,2015,10-Q,134561000.0,17029000.0,10817000.0,0.65,0.64,0.0,375120000.0,235915000.0,70656000.0,74276000.0,231194000.0,4495000.0,16872000.0,-7192000.0,40577000.0,16941000.0,11678000.0
LDL,2016-03-31,False,Q1,2016,10-Q,129700000.0,13679000.0,9169000.0,0.54,0.54,0.0,362977000.0,221555000.0,67605000.0,69525000.0,257899000.0,12783000.0,-9616000.0,-10537000.0,10341000.0,17027000.0,9616000.0
LDL,2016-06-30,False,Q2,2016,10-Q,137235000.0,15522000.0,10813000.0,0.64,0.63,0.0,373423000.0,231297000.0,70395000.0,82715000.0,265939000.0,33407000.0,-15549000.0,-10603000.0,10190000.0,16929000.0,15549000.0
LDL,2014-06-30,False,Q2,2014,10-Q,148793000.0,12573000.0,8240000.0,0.5,0.49,0.0,377565000.0,229483000.0,73520000.0,64425000.0,214382000.0,13374000.0,-84783000.0,60486000.0,60703000.0,22263000.0,5626000.0
LDL,2015-09-30,False,Q3,2015,10-Q,131240000.0,14841000.0,11186000.0,0.67,0.66,0.0,383261000.0,244328000.0,72926000.0,80263000.0,242091000.0,14897000.0,13090000.0,-7176000.0,40433000.0,16954000.0,15460000.0
LDL,2015-12-31,False,FY,2015,10-K,524505000.0,52477000.0,46259000.0,2.76,2.71,0.0,358260000.0,219303000.0,61000000.0,75909000.0,245225000.0,36110000.0,7905000.0,-26707000.0,20156000.0,16841000.0,20645000.0
LDL,2017-03-31,False,Q1,2017,10-Q,165487000.0,14955000.0,11669000.0,0.69,0.68,0.0,538517000.0,267477000.0,99074000.0,62539000.0,286809000.0,12358000.0,-9560000.0,-12809000.0,118098000.0,64219000.0,9560000.0
LDL,2014-12-31,False,FY,2014,10-K,535829000.0,34048000.0,21847000.0,1.31,1.28,0.0,361770000.0,213306000.0,73077000.0,62051000.0,212599000.0,41628000.0,-93489000.0,42549000.0,40315000.0,21943000.0,13971000.0
LDL,2016-12-31,False,FY,2016,10-K,566852000.0,54792000.0,37187000.0,2.2,2.16,0.0,527029000.0,255606000.0,90444000.0,71934000.0,273456000.0,69727000.0,-177708000.0,106375000.0,128141000.0,63606000.0,25466000.0
LDL,2017-06-30,False,Q2,2017,10-Q,174879000.0,19844000.0,13125000.0,0.77,0.76,0.0,557763000.0,278978000.0,103056000.0,63542000.0,313166000.0,27795000.0,-15421000.0,-23750000.0,107048000.0,66854000.0,15068000.0
LDL,2016-09-30,False,Q3,2016,10-Q,155725000.0,18297000.0,12785000.0,0.76,0.75,0.0,488099000.0,262645000.0,83446000.0,77117000.0,278852000.0,47422000.0,-120131000.0,74482000.0,95167000.0,44800000.0,19032000.0
LDL,2017-09-30,False,Q3,2017,10-Q,180041000.0,15161000.0,10675000.0,0.63,0.62,0.0,565504000.0,282665000.0,105961000.0,64706000.0,334336000.0,46192000.0,-20253000.0,-37857000.0,92993000.0,68777000.0,19918000.0
LDL,2017-12-31,False,FY,2017,10-K,698437000.0,65427000.0,49317000.0,2.89,2.85,0.0,560871000.0,273495000.0,102106000.0,59875000.0,353396000.0,62936000.0,-27329000.0,-53209000.0,77190000.0,68969000.0,27006000.0
LDL,2018-09-30,False,Q3,2018,10-Q,197886000.0,9733000.0,6256000.0,0.36,0.36,0.0,903239000.0,342206000.0,131756000.0,44074000.0,377049000.0,14498000.0,-289781000.0,260558000.0,250000000.0,198233000.0,20091000.0
LDL,2018-06-30,False,Q2,2018,10-Q,186413000.0,12249000.0,10450000.0,0.61,0.6,0.0,578774000.0,299846000.0,106310000.0,50613000.0,370715000.0,7974000.0,-16138000.0,-283000.0,76600000.0,67022000.0,16355000.0
LDL,2018-03-31,False,Q1,2018,10-Q,191660000.0,14036000.0,11054000.0,0.64,0.64,0.0,586342000.0,300493000.0,111998000.0,49103000.0,369833000.0,-3962000.0,-7676000.0,-214000.0,76600000.0,68958000.0,7676000.0
