symbol,end_date,amend,period_focus,fiscal_year,doc_type,revenues,op_income,net_income,eps_basic,eps_diluted,dividend,assets,cur_assets,cur_liab,cash,equity,cash_flow_op,cash_flow_inv,cash_flow_fin,debt,goodwill,cap_ex
LNN,2018-11-30,False,Q1,2019,10-Q,111951000.0,2040000.0,1212000.0,0.11,0.11,0.31,502519000.0,325322000.0,83024000.0,137217000.0,276675000.0,-14316000.0,-4731000.0,-4338000.0,116724000.0,64557000.0,5701000.0
LNN,2011-11-30,True,Q1,2012,10-Q,119205000.0,5083000.0,2921000.0,0.23,0.23,0.09,384082000.0,263815000.0,82313000.0,108731000.0,273821000.0,6207000.0,-2156000.0,-2658000.0,7500000.0,30390000.0,2632000.0
LNN,2012-02-29,False,Q2,2012,10-Q,132134000.0,18948000.0,12774000.0,1.01,1.0,0.09,393600000.0,273596000.0,77131000.0,104953000.0,288171000.0,4865000.0,-3068000.0,-4456000.0,6429000.0,30443000.0,4723000.0
LNN,2011-11-30,False,Q1,2012,10-Q,119205000.0,5083000.0,2921000.0,0.23,0.23,0.09,384082000.0,263815000.0,82313000.0,108731000.0,273821000.0,6207000.0,-2156000.0,-2658000.0,,30390000.0,2632000.0
LNN,2012-11-30,False,Q1,2013,10-Q,147370000.0,22264000.0,14728000.0,1.15,1.15,0.115,442878000.0,327206000.0,93017000.0,152173000.0,326073000.0,13457000.0,-3308000.0,-1722000.0,3214000.0,30114000.0,2215000.0
LNN,2013-02-28,False,Q2,2013,10-Q,175539000.0,29446000.0,19351000.0,1.51,1.5,0.115,482482000.0,367183000.0,111518000.0,159583000.0,347157000.0,26192000.0,-7247000.0,-3287000.0,2143000.0,30211000.0,5342000.0
LNN,2012-05-31,False,Q3,2012,10-Q,172099000.0,28787000.0,18823000.0,1.48,1.47,0.09,416948000.0,300173000.0,88608000.0,119785000.0,302181000.0,25896000.0,-6229000.0,-6579000.0,5357000.0,29866000.0,7573000.0
LNN,2012-08-31,False,FY,2012,10-K,551255000.0,65510000.0,43277000.0,3.41,3.38,0.385,415531000.0,298865000.0,80438000.0,143444000.0,310838000.0,52439000.0,-6849000.0,-8803000.0,4285000.0,29961000.0,9890000.0
LNN,2013-05-31,False,Q3,2013,10-Q,219542000.0,39550000.0,26063000.0,2.03,2.01,0.115,518121000.0,403714000.0,123232000.0,170215000.0,371762000.0,40886000.0,-8643000.0,-5555000.0,1071000.0,30111000.0,8149000.0
LNN,2013-08-31,False,FY,2013,10-K,690848000.0,107061000.0,70570000.0,5.5,5.47,0.475,512296000.0,368791000.0,102092000.0,151927000.0,380638000.0,57505000.0,-41081000.0,-7995000.0,,37414000.0,11136000.0
LNN,2013-11-30,False,Q1,2014,10-Q,147671000.0,15992000.0,10234000.0,0.79,0.79,0.13,521703000.0,378968000.0,103034000.0,151803000.0,389669000.0,5928000.0,-3287000.0,-3243000.0,0.0,37193000.0,2387000.0
LNN,2014-11-30,False,Q1,2015,10-Q,134845000.0,11902000.0,7568000.0,0.62,0.62,0.27,490077000.0,341422000.0,109620000.0,139287000.0,352834000.0,5695000.0,-2089000.0,-34460000.0,0.0,36634000.0,3649000.0
LNN,2014-02-28,False,Q2,2014,10-Q,152804000.0,20913000.0,13450000.0,1.04,1.04,0.26,530619000.0,389846000.0,108158000.0,165509000.0,394694000.0,32447000.0,-6884000.0,-12589000.0,0.0,37282000.0,5353000.0
LNN,2014-05-31,False,Q3,2014,10-Q,169936000.0,25222000.0,16499000.0,1.28,1.28,0.26,538571000.0,399314000.0,112525000.0,182051000.0,398037000.0,65919000.0,-9554000.0,-26931000.0,0.0,37211000.0,7836000.0
LNN,2014-08-31,False,FY,2014,10-K,617933000.0,78358000.0,51512000.0,4.01,4.0,0.92,526551000.0,374058000.0,116367000.0,171842000.0,382647000.0,91798000.0,-18476000.0,-53595000.0,,37021000.0,17715000.0
LNN,2015-05-31,False,Q3,2015,10-Q,160707000.0,21488000.0,12927000.0,1.11,1.1,0.27,577894000.0,361103000.0,111085000.0,154018000.0,314695000.0,35385000.0,-73371000.0,25293000.0,117404000.0,75124000.0,11228000.0
LNN,2016-05-31,False,Q3,2016,10-Q,141319000.0,15325000.0,9644000.0,0.9,0.9,0.28,501705000.0,291247000.0,96652000.0,91498000.0,244936000.0,20249000.0,-9357000.0,-58186000.0,117221000.0,76778000.0,10073000.0
LNN,2016-02-29,False,Q2,2016,10-Q,120573000.0,-4694000.0,-4129000.0,-0.37,-0.37,0.28,495483000.0,284053000.0,84537000.0,89522000.0,251619000.0,-5027000.0,-4514000.0,-39040000.0,117270000.0,76628000.0,7392000.0
LNN,2015-08-31,False,FY,2015,10-K,560181000.0,50695000.0,26309000.0,2.23,2.22,1.09,536468000.0,322167000.0,95112000.0,139093000.0,288560000.0,48682000.0,-79585000.0,3912000.0,117366000.0,76801000.0,15244000.0
LNN,2015-02-28,False,Q2,2015,10-Q,141089000.0,14536000.0,8995000.0,0.75,0.75,0.27,598780000.0,380881000.0,109323000.0,167165000.0,335941000.0,15584000.0,-73325000.0,57325000.0,117462000.0,74808000.0,6576000.0
LNN,2015-11-30,False,Q1,2016,10-Q,121622000.0,11748000.0,6944000.0,0.62,0.62,0.28,521616000.0,308708000.0,87555000.0,129260000.0,281692000.0,8450000.0,-4237000.0,-13025000.0,117318000.0,76497000.0,4705000.0
LNN,2017-05-31,False,Q3,2017,10-Q,151533000.0,17414000.0,10952000.0,1.03,1.02,0.29,511287000.0,305406000.0,102957000.0,113212000.0,263705000.0,24466000.0,-4976000.0,-7607000.0,117026000.0,76843000.0,6219000.0
LNN,2017-11-30,False,Q1,2018,10-Q,124526000.0,6201000.0,3185000.0,0.3,0.3,0.3,503407000.0,296234000.0,90123000.0,109450000.0,269232000.0,-4970000.0,-2992000.0,-3962000.0,116926000.0,77127000.0,1991000.0
LNN,2017-02-28,False,Q2,2017,10-Q,124125000.0,8522000.0,5012000.0,0.47,0.47,0.29,490616000.0,285676000.0,90803000.0,102825000.0,253556000.0,10722000.0,-2486000.0,-6267000.0,117075000.0,76577000.0,4194000.0
LNN,2016-11-30,False,Q1,2016,10-Q,110390000.0,2735000.0,873000.0,0.08,0.08,0.29,480943000.0,274888000.0,84597000.0,103058000.0,248188000.0,8104000.0,-1415000.0,-3773000.0,117124000.0,76562000.0,1390000.0
LNN,2016-08-31,False,FY,2016,10-K,516411000.0,34375000.0,20267000.0,1.86,1.85,1.13,499565000.0,292124000.0,87870000.0,101246000.0,251567000.0,33072000.0,-9898000.0,-61318000.0,117173000.0,76803000.0,11496000.0
LNN,2017-08-31,False,FY,2017,10-K,517985000.0,40201000.0,23179000.0,2.17,2.17,1.17,506032000.0,292934000.0,92037000.0,121620000.0,270055000.0,39449000.0,-9979000.0,-10302000.0,116976000.0,77131000.0,8863000.0
LNN,2018-08-31,False,FY,2018,10-K,547705000.0,38563000.0,20277000.0,1.89,1.88,1.21,500256000.0,331051000.0,80094000.0,160787000.0,276866000.0,33934000.0,18105000.0,-11252000.0,116775000.0,64671000.0,11054000.0
LNN,2018-02-28,False,Q2,2018,10-Q,130339000.0,7066000.0,1735000.0,0.16,0.16,0.3,522354000.0,313355000.0,104522000.0,102211000.0,273060000.0,-8897000.0,-6444000.0,-4589000.0,116876000.0,77296000.0,4715000.0
LNN,2018-05-31,False,Q3,2018,10-Q,169571000.0,18702000.0,10379000.0,0.96,0.96,0.3,520228000.0,350406000.0,98671000.0,111779000.0,277509000.0,8175000.0,-9667000.0,-7866000.0,116826000.0,64723000.0,6920000.0
