symbol,end_date,amend,period_focus,fiscal_year,doc_type,revenues,op_income,net_income,eps_basic,eps_diluted,dividend,assets,cur_assets,cur_liab,cash,equity,cash_flow_op,cash_flow_inv,cash_flow_fin,debt,goodwill,cap_ex
LYV,2011-03-31,False,Q1,2011,10-Q,849409000.0,-72161000.0,-48460000.0,-0.27,-0.27,0.0,5475252000.0,1847594000.0,1825877000.0,987186000.0,1599993000.0,127768000.0,-24192000.0,-45370000.0,,1244912000.0,18211000.0
LYV,2012-09-30,False,Q3,2012,10-Q,1963146000.0,104515000.0,57948000.0,0.31,0.31,0.0,5432248000.0,1842368000.0,1737980000.0,783671000.0,1663221000.0,89039000.0,-167804000.0,4809000.0,,1338599000.0,92372000.0
LYV,2012-03-31,False,Q1,2012,10-Q,867997000.0,-42803000.0,-69150000.0,-0.37,-0.37,0.0,5549739000.0,2032809000.0,2012753000.0,1071412000.0,1575494000.0,264772000.0,-32170000.0,-20530000.0,,1277732000.0,28017000.0
LYV,2011-06-30,False,Q2,2011,10-Q,1558882000.0,52373000.0,13257000.0,0.07,0.07,0.0,5652228000.0,2035491000.0,1937619000.0,1003960000.0,1689112000.0,132665000.0,-57091000.0,-10069000.0,,1260759000.0,44651000.0
LYV,2012-06-30,False,Q2,2012,10-Q,1550677000.0,42968000.0,7692000.0,0.04,0.04,0.0,5748425000.0,2175863000.0,2170636000.0,1005039000.0,1550650000.0,310128000.0,-138557000.0,-3737000.0,,1313800000.0,62785000.0
LYV,2013-09-30,False,Q3,2013,10-Q,2262236000.0,126037000.0,43774000.0,0.22,0.22,0.0,5775560000.0,2364550000.0,2233751000.0,1302578000.0,1652582000.0,264538000.0,-42490000.0,83700000.0,,1397471000.0,103577000.0
LYV,2013-03-31,False,Q1,2013,10-Q,923698000.0,-33189000.0,-63239000.0,-0.33,-0.33,0.0,5688283000.0,2319769000.0,2253161000.0,1246415000.0,1431817000.0,270460000.0,-18636000.0,13221000.0,,1328348000.0,25670000.0
LYV,2011-12-31,False,FY,2011,10-K,5383998000.0,18337000.0,-83016000.0,-0.46,-0.46,0.0,5087771000.0,1576790000.0,1492553000.0,844253000.0,1616894000.0,135705000.0,-152017000.0,-44379000.0,1715688000.0,1257644000.0,107500000.0
LYV,2018-12-31,False,FY,2018,10-K,10787800000.0,272536000.0,-17651000.0,-0.09,-0.09,0.0,8496886000.0,3848074000.0,3749866000.0,2371540000.0,1342743000.0,941586000.0,-496909000.0,188784000.0,34700000.0,1822943000.0,239833000.0
LYV,2012-12-31,False,FY,2012,10-K,5819047000.0,-21639000.0,-163227000.0,-0.87,-0.87,0.0,5290806000.0,1812812000.0,1768172000.0,1001055000.0,1508574000.0,367098000.0,-203791000.0,-19891000.0,40400000.0,1357827000.0,123811000.0
LYV,2013-06-30,False,Q2,2013,10-Q,1679513000.0,97806000.0,58130000.0,0.3,0.3,0.0,6082811000.0,2687357000.0,2516549000.0,1385260000.0,1545238000.0,380347000.0,-20742000.0,54011000.0,,1369062000.0,76685000.0
LYV,2014-03-31,False,Q1,2014,10-Q,1127316000.0,-12308000.0,-32448000.0,-0.16,-0.16,0.0,6260175000.0,2711757000.0,2836417000.0,1629142000.0,1573428000.0,365697000.0,-36623000.0,-4752000.0,,1493536000.0,24523000.0
LYV,2011-09-30,False,Q3,2011,10-Q,1790025000.0,104809000.0,51712000.0,0.28,0.27,0.0,5168701000.0,1636801000.0,1438064000.0,782573000.0,1722777000.0,-27541000.0,-87395000.0,-19208000.0,,1247752000.0,69573000.0
LYV,2014-06-30,False,Q2,2014,10-Q,1665785000.0,55686000.0,22474000.0,0.11,0.11,0.0,6872120000.0,3311346000.0,2872818000.0,2041686000.0,1631434000.0,338470000.0,-93645000.0,484199000.0,,1502707000.0,66388000.0
LYV,2013-12-31,False,FY,2013,10-K,6478547000.0,139660000.0,-43378000.0,-0.22,-0.22,0.0,5683521000.0,2160104000.0,2255518000.0,1299184000.0,1589806000.0,417472000.0,-143663000.0,32984000.0,38000000.0,1466983000.0,134868000.0
LYV,2014-09-30,False,Q3,2014,10-Q,2502008000.0,150604000.0,103965000.0,0.52,0.49,0.0,6047731000.0,2497935000.0,1991933000.0,1358300000.0,1681245000.0,-13832000.0,-159692000.0,251253000.0,,1484677000.0,98248000.0
LYV,2014-12-31,False,FY,2014,10-K,6866964000.0,7164000.0,-96467000.0,-0.49,-0.49,0.0,5988361000.0,2267691000.0,2010781000.0,1382029000.0,1483847000.0,269409000.0,-384294000.0,240864000.0,32700000.0,1479037000.0,139587000.0
LYV,2015-03-31,False,Q1,2015,10-Q,1120312000.0,-23935000.0,-62168000.0,-0.31,-0.31,0.0,6338401000.0,2653113000.0,2506981000.0,1606658000.0,1388552000.0,342546000.0,-50583000.0,-19200000.0,,1421618000.0,29365000.0
LYV,2016-03-31,False,Q1,2016,10-Q,1207716000.0,-33290000.0,-57854000.0,-0.29,-0.29,0.0,6927174000.0,2966254000.0,2926237000.0,1699281000.0,1404658000.0,517398000.0,-85744000.0,-53289000.0,,1619552000.0,30681000.0
LYV,2015-09-30,False,Q3,2015,10-Q,2622917000.0,153510000.0,78931000.0,0.39,0.38,0.0,6265354000.0,2296595000.0,2131764000.0,1061383000.0,1547793000.0,-22576000.0,-227124000.0,-25796000.0,,1629510000.0,97506000.0
LYV,2016-06-30,False,Q2,2016,10-Q,2179258000.0,74159000.0,26449000.0,0.13,0.13,0.0,7043426000.0,2969952000.0,3023434000.0,1512099000.0,1415782000.0,510975000.0,-219410000.0,-69094000.0,,1670676000.0,78880000.0
LYV,2015-06-30,False,Q2,2015,10-Q,1765777000.0,42245000.0,11951000.0,0.06,0.06,0.0,6713516000.0,2752748000.0,2727280000.0,1525819000.0,1444565000.0,357154000.0,-163941000.0,-27040000.0,,1619123000.0,67344000.0
LYV,2017-03-31,False,Q1,2017,10-Q,1413181000.0,-21366000.0,-45570000.0,-0.22,-0.22,0.0,7823517000.0,3601449000.0,3539331000.0,2227555000.0,1340567000.0,760701000.0,-75027000.0,-5066000.0,,1724113000.0,58881000.0
LYV,2015-12-31,False,FY,2015,10-K,7245731000.0,131372000.0,-65687000.0,-0.33,-0.33,0.0,6156241000.0,2288315000.0,2101206000.0,1303125000.0,1446919000.0,300202000.0,-290985000.0,-36469000.0,51700000.0,1604315000.0,142491000.0
LYV,2017-06-30,False,Q2,2017,10-Q,2818693000.0,113433000.0,62641000.0,0.31,0.29,0.0,8251426000.0,3984278000.0,3836657000.0,2216812000.0,1457223000.0,803639000.0,-171940000.0,-24165000.0,,1754974000.0,128607000.0
LYV,2016-09-30,False,Q3,2016,10-Q,3170416000.0,191286000.0,102503000.0,0.51,0.49,0.0,6417029000.0,2407205000.0,2280997000.0,1039706000.0,1519048000.0,119516000.0,-260174000.0,-109700000.0,,1671629000.0,119740000.0
LYV,2017-09-30,False,Q3,2017,10-Q,3559418000.0,201347000.0,114996000.0,0.56,0.53,0.0,7810524000.0,3563629000.0,3212877000.0,1801013000.0,1614542000.0,417262000.0,-235499000.0,-25663000.0,,1764512000.0,184499000.0
LYV,2018-03-31,False,Q1,2018,10-Q,1482384000.0,-6030000.0,-33906000.0,-0.24,-0.24,0.0,9117548000.0,4644690000.0,4438713000.0,2942407000.0,1372221000.0,775498000.0,-88726000.0,404150000.0,,1772671000.0,45125000.0
LYV,2017-12-31,False,FY,2017,10-K,10337448000.0,91397000.0,-97646000.0,-0.48,-0.48,0.0,7504263000.0,3152742000.0,3577000000.0,1825322000.0,1418144000.0,623006000.0,-327586000.0,-127083000.0,44000000.0,1754589000.0,238435000.0
LYV,2016-12-31,False,FY,2016,10-K,8354934000.0,194940000.0,-47010000.0,-0.23,-0.23,0.0,6764266000.0,2673551000.0,2460344000.0,1526591000.0,1349516000.0,597490000.0,-426477000.0,99212000.0,35900000.0,1747088000.0,173827000.0
LYV,2018-06-30,False,Q2,2018,10-Q,2868315000.0,134725000.0,69359000.0,0.25,0.24,0.0,8952809000.0,4263356000.0,4206751000.0,2293264000.0,1405520000.0,519826000.0,-314395000.0,314731000.0,,1823948000.0,100641000.0
LYV,2018-09-30,False,Q3,2018,10-Q,3835246000.0,234219000.0,151894000.0,0.73,0.7,0.0,8511699000.0,3881047000.0,3608798000.0,1900305000.0,1550929000.0,255576000.0,-378856000.0,268126000.0,,1835353000.0,163714000.0
