symbol,end_date,amend,period_focus,fiscal_year,doc_type,revenues,op_income,net_income,eps_basic,eps_diluted,dividend,assets,cur_assets,cur_liab,cash,equity,cash_flow_op,cash_flow_inv,cash_flow_fin,debt,goodwill,cap_ex
MBI,2011-03-31,False,Q1,2011,10-Q,-1400268000.0,,-1136760000.0,-5.68,-5.68,0.0,32173062000.0,,,987492000.0,1772808000.0,-545641000.0,1029654000.0,-626253000.0,10899079000.0,31371000.0,1307000.0
MBI,2011-09-30,False,Q3,2011,10-Q,1120000000.0,,444000000.0,2.27,2.26,0.0,29370000000.0,,,1239000000.0,2375000000.0,-1200000000.0,2791000000.0,-1482000000.0,360000000.0,31000000.0,3000000.0
MBI,2010-06-30,False,Q2,2010,10-Q,2077562000.0,,1295316000.0,6.34,6.32,0.0,33464230000.0,,,1495246000.0,2665408000.0,-167913000.0,2266561000.0,-1406645000.0,11046391000.0,31371000.0,1841000.0
MBI,2011-06-30,False,Q2,2011,10-Q,98000000.0,,137000000.0,0.69,0.68,0.0,31668000000.0,,,1361000000.0,1905000000.0,-681000000.0,2241000000.0,-1329000000.0,360000000.0,31000000.0,2000000.0
MBI,2010-12-31,False,FY,2010,10-K,893798000.0,,52529000.0,0.26,0.26,0.0,32279011000.0,,,1129732000.0,2846298000.0,-1256650000.0,5011364000.0,-3428225000.0,10589989000.0,31371000.0,4713000.0
MBI,2018-12-31,False,FY,2018,10-K,162000000.0,,-296000000.0,-3.33,-3.33,0.0,8076000000.0,,,280000000.0,1132000000.0,-319000000.0,1206000000.0,-752000000.0,1513000000.0,,1000000.0
MBI,2012-09-30,False,Q3,2012,10-Q,281000000.0,,7000000.0,0.04,0.04,0.0,22132000000.0,,,441000000.0,2587000000.0,-955000000.0,3106000000.0,-2343000000.0,3468000000.0,,5000000.0
MBI,2010-09-30,False,Q3,2010,10-Q,-191301000.0,,-213398000.0,-1.06,-1.06,0.0,33272216000.0,,,1416279000.0,2524327000.0,-422424000.0,3588700000.0,-2553240000.0,10403123000.0,31371000.0,3036000.0
MBI,2012-03-31,False,Q1,2012,10-Q,383000000.0,,10000000.0,0.05,0.05,0.0,26126000000.0,,,855000000.0,1881000000.0,-233000000.0,1210000000.0,-755000000.0,1839000000.0,,1000000.0
MBI,2012-06-30,False,Q2,2012,10-Q,1039000000.0,,581000000.0,2.99,2.98,0.0,22295000000.0,,,414000000.0,2525000000.0,-790000000.0,2445000000.0,-1874000000.0,3589000000.0,,4000000.0
MBI,2012-12-31,False,FY,2012,10-K,2435000000.0,,1234000000.0,6.36,6.33,0.0,21724000000.0,,,990000000.0,3194000000.0,-1027000000.0,4195000000.0,-2811000000.0,1663000000.0,,7000000.0
MBI,2011-12-31,False,FY,2011,10-K,-1557000000.0,,-1319000000.0,-6.69,-6.69,0.0,26873000000.0,,,633000000.0,1723000000.0,-2976000000.0,4295000000.0,-1816000000.0,368000000.0,,5000000.0
MBI,2013-06-30,False,Q2,2013,10-Q,112000000.0,,-178000000.0,-0.92,-0.92,0.0,18122000000.0,,,1006000000.0,3037000000.0,1171000000.0,-253000000.0,-902000000.0,3117000000.0,,1000000.0
MBI,2013-03-31,False,Q1,2013,10-Q,219000000.0,,164000000.0,0.84,0.84,0.0,21592000000.0,,,934000000.0,3309000000.0,-78000000.0,323000000.0,-301000000.0,3461000000.0,,
MBI,2013-09-30,False,Q3,2013,10-Q,420000000.0,,132000000.0,0.68,0.67,0.0,17633000000.0,,,1103000000.0,3201000000.0,1033000000.0,297000000.0,-1224000000.0,2959000000.0,,2000000.0
MBI,2014-03-31,False,Q1,2014,10-Q,577000000.0,,251000000.0,1.33,1.32,0.0,16087000000.0,,,733000000.0,3625000000.0,-424000000.0,210000000.0,-312000000.0,2818000000.0,,1000000.0
MBI,2015-03-31,False,Q1,2015,10-Q,219000000.0,,67000000.0,0.37,0.37,0.0,15915000000.0,,,627000000.0,3940000000.0,-9000000.0,120000000.0,-256000000.0,2776000000.0,,1000000.0
MBI,2014-06-30,False,Q2,2014,10-Q,187000000.0,,116000000.0,0.61,0.45,0.0,16024000000.0,,,600000000.0,3808000000.0,-396000000.0,324000000.0,-589000000.0,2787000000.0,,3000000.0
MBI,2014-09-30,False,Q3,2014,10-Q,291000000.0,,168000000.0,0.9,0.8,0.0,16201000000.0,,,606000000.0,3902000000.0,-350000000.0,457000000.0,-754000000.0,2837000000.0,,9000000.0
MBI,2015-09-30,False,Q3,2015,10-Q,92000000.0,,-35000000.0,-0.23,-0.23,0.0,15051000000.0,,,492000000.0,3714000000.0,42000000.0,543000000.0,-886000000.0,2706000000.0,,3000000.0
MBI,2013-12-31,False,FY,2013,10-K,1209000000.0,,245000000.0,1.3,1.29,0.0,16953000000.0,,,1258000000.0,3299000000.0,1829000000.0,-6000000.0,-1566000000.0,1524000000.0,,3000000.0
MBI,2016-06-30,False,Q2,2016,10-Q,118000000.0,,-27000000.0,-0.2,-0.2,0.0,12064000000.0,,,605000000.0,3658000000.0,64000000.0,2254000000.0,-2232000000.0,890000000.0,,0.0
MBI,2014-12-31,False,FY,2014,10-K,1270000000.0,,553000000.0,2.94,2.76,0.0,16284000000.0,,,782000000.0,3950000000.0,-333000000.0,812000000.0,-892000000.0,1524000000.0,,13000000.0
MBI,2015-06-30,False,Q2,2015,10-Q,245000000.0,,62000000.0,0.36,0.36,0.0,15510000000.0,,,567000000.0,3841000000.0,34000000.0,286000000.0,-531000000.0,2737000000.0,,2000000.0
MBI,2016-09-30,False,Q3,2016,10-Q,203000000.0,,30000000.0,0.23,0.23,0.0,11787000000.0,,,216000000.0,3670000000.0,-129000000.0,2236000000.0,-2412000000.0,890000000.0,,1000000.0
MBI,2016-03-31,False,Q1,2016,10-Q,32000000.0,,-78000000.0,-0.58,-0.58,0.0,12751000000.0,,,332000000.0,3639000000.0,39000000.0,1814000000.0,-2046000000.0,890000000.0,,0.0
MBI,2017-03-31,False,Q1,2017,10-Q,77000000.0,,-72000000.0,-0.55,-0.55,0.0,11017000000.0,,,152000000.0,3226000000.0,-471000000.0,311000000.0,124000000.0,1211000000.0,,
MBI,2018-06-30,False,Q2,2018,10-Q,12000000.0,,-146000000.0,-1.64,-1.64,0.0,8699000000.0,,,197000000.0,1115000000.0,-126000000.0,351000000.0,-174000000.0,1265000000.0,,
MBI,2015-12-31,False,FY,2015,10-K,853000000.0,,174000000.0,1.06,1.06,0.0,14855000000.0,,,522000000.0,3741000000.0,-55000000.0,817000000.0,-1014000000.0,1514000000.0,,3000000.0
MBI,2018-09-30,False,Q3,2018,10-Q,105000000.0,,-45000000.0,-0.5,-0.5,0.0,8361000000.0,,,179000000.0,1120000000.0,-323000000.0,836000000.0,-480000000.0,1282000000.0,,0.0
MBI,2016-12-31,False,FY,2016,10-K,294000000.0,,-338000000.0,-2.54,-2.54,0.0,11137000000.0,,,187000000.0,3239000000.0,-142000000.0,2424000000.0,-2542000000.0,1514000000.0,,1000000.0
MBI,2018-03-31,False,Q1,2018,10-Q,73000000.0,,-98000000.0,-1.12,-1.12,0.0,8893000000.0,,,141000000.0,1260000000.0,-101000000.0,191000000.0,-95000000.0,1255000000.0,,
MBI,2017-12-31,False,FY,2017,10-K,433000000.0,,-1605000000.0,-13.5,-13.5,0.0,9095000000.0,,,146000000.0,1425000000.0,-630000000.0,1202000000.0,-611000000.0,1513000000.0,,1000000.0
MBI,2017-06-30,False,Q2,2017,10-Q,72000000.0,,-1229000000.0,-9.78,-9.78,0.0,9767000000.0,,,164000000.0,1956000000.0,-440000000.0,457000000.0,-40000000.0,1223000000.0,,
MBI,2017-09-30,False,Q3,2017,10-Q,33000000.0,,-267000000.0,-2.17,-2.17,0.0,9544000000.0,,,136000000.0,1720000000.0,-673000000.0,826000000.0,-204000000.0,1250000000.0,,1000000.0
