symbol,end_date,amend,period_focus,fiscal_year,doc_type,revenues,op_income,net_income,eps_basic,eps_diluted,dividend,assets,cur_assets,cur_liab,cash,equity,cash_flow_op,cash_flow_inv,cash_flow_fin,debt,goodwill,cap_ex
MDC,2018-12-31,False,FY,2018,10-K,3065216000.0,,209521000.0,3.74,3.66,1.2,3001077000.0,,,470139000.0,1576000000.0,-7906000.0,20214000.0,-56409000.0,987967000.0,6008000.0,27166000.0
MDC,2011-03-31,False,Q1,2011,10-Q,169747000.0,-22336000.0,-19879000.0,-0.43,-0.43,0.25,2454539000.0,,,589043000.0,971408000.0,-57701000.0,105041000.0,-30522000.0,,,483000.0
MDC,2011-06-30,False,Q2,2011,10-Q,215685000.0,-30337000.0,-27980000.0,-0.6,-0.6,0.25,2420304000.0,,,755835000.0,933194000.0,-69257000.0,292959000.0,-40092000.0,1252261000.0,5958000.0,
MDC,2010-12-31,False,FY,2010,10-K,958655000.0,-59175000.0,-64770000.0,-1.4,-1.4,1.0,2547769000.0,,,572225000.0,983683000.0,-209081000.0,-644466000.0,191520000.0,,,8149000.0
MDC,2011-09-30,False,Q3,2011,10-Q,211360000.0,-19971000.0,-31710000.0,-0.68,-0.68,0.25,2114969000.0,,,567501000.0,880210000.0,-80743000.0,381162000.0,-305143000.0,1017364000.0,6458000.0,
MDC,2012-12-31,False,FY,2012,10-K,1156142000.0,,62699000.0,1.29,1.28,2.0,1945441000.0,,,160095000.0,880897000.0,-108819000.0,-21781000.0,-52666000.0,,6008000.0,1268000.0
MDC,2012-09-30,False,Q3,2012,10-Q,320662000.0,,20126000.0,0.42,0.41,0.25,1908423000.0,,,263797000.0,906562000.0,-50455000.0,-7069000.0,-22040000.0,,6140000.0,958000.0
MDC,2012-03-31,False,Q1,2012,10-Q,186268000.0,,2265000.0,0.04,0.04,0.25,1825571000.0,,,285739000.0,868066000.0,-18813000.0,-3953000.0,-34856000.0,,6252000.0,
MDC,2012-06-30,False,Q2,2012,10-Q,258347000.0,,10638000.0,0.22,0.22,0.25,1855914000.0,,,326124000.0,871260000.0,-15590000.0,38245000.0,-39892000.0,,6196000.0,
MDC,2010-09-30,False,Q3,2010,10-Q,225681000.0,-9409000.0,-10239000.0,-0.22,-0.22,0.25,2602155000.0,,,688561000.0,1020092000.0,-137591000.0,-597126000.0,189026000.0,,,7651000.0
MDC,2010-06-30,False,Q2,2010,10-Q,326330000.0,-1909000.0,-3684000.0,-0.08,-0.08,0.25,2681198000.0,,,692132000.0,1031980000.0,-178934000.0,-618147000.0,254961000.0,,,5072000.0
MDC,2013-06-30,False,Q2,2013,10-Q,832036000.0,,224909000.0,4.6,4.56,0.0,2496542000.0,,,249418000.0,1139195000.0,-146243000.0,-89011000.0,324577000.0,,6008000.0,998000.0
MDC,2012-12-31,True,FY,2012,10-K,1156142000.0,,62699000.0,1.29,1.28,2.0,1945441000.0,,,160095000.0,880897000.0,-108819000.0,-21781000.0,-52666000.0,,6008000.0,1268000.0
MDC,2013-03-31,False,Q1,2013,10-Q,331748000.0,,22141000.0,0.46,0.45,0.0,2142334000.0,,,215680000.0,914443000.0,-55418000.0,-107069000.0,218072000.0,,6008000.0,926000.0
MDC,2011-12-31,False,FY,2011,10-K,844168000.0,-78451000.0,-98390000.0,-2.12,-2.12,1.0,1858725000.0,,,343361000.0,868636000.0,-80284000.0,404264000.0,-552844000.0,,6308000.0,
MDC,2014-06-30,False,Q2,2014,10-Q,442752000.0,,21542000.0,0.44,0.44,0.25,2596561000.0,,,130031000.0,1222609000.0,-96272000.0,82925000.0,-55960000.0,10000000.0,6008000.0,1354000.0
MDC,2014-09-30,False,Q3,2014,10-Q,418403000.0,,15458000.0,0.32,0.32,0.25,2588215000.0,,,83119000.0,1225575000.0,-173256000.0,125625000.0,-68588000.0,10000000.0,6008000.0,1919000.0
MDC,2015-03-31,False,Q1,2015,10-Q,388510000.0,,8420000.0,0.17,0.17,0.25,2316435000.0,,,129915000.0,1226463000.0,15426000.0,-6338000.0,-32998000.0,40000000.0,6008000.0,340000.0
MDC,2014-03-31,False,Q1,2014,10-Q,646291000.0,,11504000.0,0.24,0.23,0.25,2550237000.0,,,94819000.0,1209689000.0,-114248000.0,56342000.0,-46613000.0,,6008000.0,545000.0
MDC,2013-09-30,False,Q3,2013,10-Q,881718000.0,,36251000.0,0.73,0.73,0.0,2528081000.0,,,197286000.0,1180432000.0,-225860000.0,-51590000.0,314641000.0,,6008000.0,1278000.0
MDC,2015-06-30,False,Q2,2015,10-Q,473128000.0,,19998000.0,0.41,0.41,0.25,2351936000.0,,,180288000.0,1236225000.0,44509000.0,16589000.0,-34635000.0,50000000.0,6008000.0,421000.0
MDC,2013-12-31,False,FY,2013,10-K,3309609000.0,,314385000.0,6.39,6.34,0.0,2595449000.0,,,199338000.0,1213249000.0,-269549000.0,-30402000.0,339194000.0,,6008000.0,1785000.0
MDC,2014-12-31,False,FY,2014,10-K,1694584000.0,,63143000.0,1.29,1.29,0.0,2358438000.0,,,153825000.0,1228336000.0,-163647000.0,423080000.0,-304946000.0,15000000.0,6008000.0,3242000.0
MDC,2016-03-31,False,Q1,2016,10-Q,407761000.0,,9563000.0,0.2,0.2,0.25,2385806000.0,,,138535000.0,1258294000.0,-14985000.0,13174000.0,-40642000.0,60200000.0,6008000.0,1944000.0
MDC,2015-09-30,False,Q3,2015,10-Q,468487000.0,,14778000.0,0.3,0.3,0.25,2350868000.0,,,122995000.0,1242610000.0,-26486000.0,48704000.0,-53048000.0,15000000.0,6008000.0,830000.0
MDC,2016-12-31,False,FY,2016,10-K,2326844000.0,,102869000.0,2.01,2.0,0.0,2528589000.0,,,282909000.0,1320070000.0,115917000.0,9218000.0,-23214000.0,114500000.0,6008000.0,4468000.0
MDC,2016-09-30,False,Q3,2016,10-Q,595420000.0,,26265000.0,0.54,0.54,0.25,2474270000.0,,,163458000.0,1292622000.0,-8903000.0,24736000.0,-33363000.0,92000000.0,6008000.0,3865000.0
MDC,2017-03-31,False,Q1,2017,10-Q,581705000.0,,22138000.0,0.43,0.43,0.25,2506548000.0,,,320062000.0,1333610000.0,93886000.0,-1500000.0,-55233000.0,70500000.0,6008000.0,1122000.0
MDC,2017-06-30,False,Q2,2017,10-Q,668044000.0,,33712000.0,0.65,0.64,0.25,2536411000.0,,,337976000.0,1363653000.0,120887000.0,-1957000.0,-63863000.0,15000000.0,6008000.0,1364000.0
MDC,2016-06-30,False,Q2,2016,10-Q,587334000.0,,26827000.0,0.55,0.55,0.25,2461400000.0,,,171306000.0,1277022000.0,-22086000.0,32222000.0,-19818000.0,93300000.0,6008000.0,3117000.0
MDC,2018-06-30,False,Q2,2018,10-Q,29807196002.67,,63599000.0,1.13,1.12,0.3,2847629000.0,,,433323000.0,1489841000.0,-56188000.0,34750000.0,-59479000.0,15000000.0,6008000.0,13051000.0
MDC,2015-12-31,False,FY,2015,10-K,1909036000.0,,65791000.0,1.35,1.34,0.0,2415899000.0,,,180988000.0,1256292000.0,215000.0,47362000.0,-20414000.0,88600000.0,6008000.0,1491000.0
MDC,2017-09-30,False,Q3,2017,10-Q,603751000.0,,60851000.0,1.18,1.16,0.25,2566302000.0,,,377818000.0,1390919000.0,69164000.0,108047000.0,-82302000.0,15000000.0,6008000.0,1917000.0
MDC,2018-03-31,False,Q1,2018,10-Q,20987099000.0,,38535000.0,0.69,0.68,0.3,2787162000.0,,,407580000.0,1432493000.0,-61486000.0,-6377000.0,-38797000.0,15000000.0,6008000.0,6316000.0
MDC,2017-12-31,False,FY,2017,10-K,2577614000.0,,141137000.0,2.54,2.48,0.0,2780292000.0,,,505428000.0,1407287000.0,65472000.0,57790000.0,99257000.0,986597000.0,6008000.0,2539000.0
MDC,2018-09-30,False,Q3,2018,10-Q,32524692000.0,,53064000.0,0.94,0.93,0.3,2908170000.0,,,418792000.0,1532742000.0,-59246000.0,26228000.0,-62430000.0,15000000.0,6008000.0,19899000.0
