symbol,end_date,amend,period_focus,fiscal_year,doc_type,revenues,op_income,net_income,eps_basic,eps_diluted,dividend,assets,cur_assets,cur_liab,cash,equity,cash_flow_op,cash_flow_inv,cash_flow_fin,debt,goodwill,cap_ex
QPSA,2011-12-31,False,FY,2011,10-K,11850852.0,-12168110.0,-12806523.0,,-0.67,0.0,106804696.0,20242474.0,6903614.0,8271787.0,90645574.0,-7742348.0,-11730774.0,14213742.0,,73048084.0,587353.0
MEET,2018-12-31,False,FY,2018,10-K,178613495.0,3862582.0,1143388.0,0.02,0.02,0.0,267852169.0,60425266.0,51504837.0,28365725.0,197220826.0,28596224.0,-2507779.0,-22406755.0,36654540.0,148132873.0,2507779.0
QPSA,2012-03-31,False,Q1,2012,10-Q,10803180.0,-1566697.0,-1858658.0,,-0.05,0.0,106525884.0,20286702.0,7238349.0,8019180.0,90163775.0,322496.0,-537625.0,-44279.0,,73102675.0,527625.0
MEET,2012-12-31,False,FY,2012,10-K,46657959.0,-5368217.0,-10308338.0,-0.18,-0.18,0.0,104434667.0,21749246.0,9755730.0,5022007.0,85522149.0,-832134.0,-787494.0,-1624060.0,12777897.0,70646036.0,720321.0
MEET,2013-06-30,False,Q2,2013,10-Q,9482960.0,-1960415.0,-2099046.0,-0.05,-0.05,0.0,96849871.0,16079360.0,11074335.0,8335444.0,81103472.0,-240204.0,-14187.0,3580345.0,4722545.0,70646036.0,67244.0
MEET,2012-09-30,False,Q3,2012,10-Q,11598432.0,-2323436.0,-2591841.0,-0.07,-0.07,0.0,105136553.0,21610115.0,10009352.0,5476042.0,85944129.0,-656209.0,-573010.0,-1561992.0,5015240.0,70646036.0,492041.0
MEET,2013-03-31,False,Q1,2013,10-Q,7805632.0,-7116394.0,-7327978.0,-0.2,-0.2,0.0,92770102.0,11065848.0,9068193.0,4256525.0,82351735.0,39337.0,-150256.0,-656449.0,6254178.0,70646036.0,164199.0
MEET,2012-06-30,False,Q2,2012,10-Q,13054861.0,-438476.0,-3835917.0,-0.02,-0.02,0.0,105636054.0,21834491.0,9067535.0,5886970.0,87301280.0,-906743.0,-403020.0,-1066337.0,4895388.0,70646036.0,308406.0
MEET,2013-09-30,False,Q3,2013,10-Q,10073309.0,-1266317.0,-1486591.0,-0.04,-0.04,0.0,96340010.0,16638669.0,11244446.0,8682241.0,81112497.0,712978.0,-16946.0,2982677.0,4742480.0,70646036.0,128515.0
MEET,2014-03-31,False,Q1,2014,10-Q,9503504.0,-2648330.0,-3423361.0,-0.09,-0.09,0.0,92460353.0,15035273.0,9074201.0,5786227.0,79528568.0,394149.0,-37156.0,-913380.0,,70646036.0,37156.0
MEET,2013-12-31,False,FY,2013,10-K,40378007.0,-10059803.0,-10898325.0,-0.29,-0.29,0.0,95576240.0,17064594.0,10131719.0,6330532.0,81808050.0,-725257.0,-37495.0,2098146.0,5143771.0,70646036.0,149064.0
MEET,2014-12-31,False,FY,2014,10-K,44817436.0,-3146405.0,-3962165.0,-0.1,-0.1,0.0,103213759.0,26876350.0,9394234.0,17041050.0,92256967.0,4596237.0,-1112487.0,7296985.0,2809806.0,70646036.0,1112487.0
MEET,2014-09-30,False,Q3,2014,10-Q,11604724.0,-600.0,52031.0,0.0,0.0,0.0,100491670.0,24455050.0,7994277.0,15597966.0,90640338.0,1867739.0,-590385.0,8018982.0,,70646036.0,590385.0
MEET,2014-06-30,False,Q2,2014,10-Q,10687330.0,-1378157.0,-1437758.0,-0.04,-0.04,0.0,90433106.0,13914402.0,8799390.0,5838757.0,79049587.0,1400596.0,-213481.0,-1716827.0,,70646036.0,213481.0
QPSA,2011-06-30,False,Q2,2011,10-Q,1841647.0,-2173437.0,-2306609.0,-0.14,-0.14,0.0,20646088.0,15185732.0,1461244.0,11192510.0,12614056.0,-3148576.0,-678384.0,1470740.0,,4529645.0,163969.0
MEET,2015-09-30,False,Q3,2015,10-Q,14308080.0,-1915935.0,-2035621.0,-0.04,-0.04,0.0,102410327.0,27396817.0,6816027.0,15528283.0,94891692.0,1925415.0,-1042237.0,-2251742.0,,70646036.0,1297237.0
MEET,2015-03-31,False,Q1,2015,10-Q,11628976.0,1658033.0,722054.0,0.02,0.01,0.0,102696189.0,26628797.0,7327335.0,14835822.0,94312161.0,-946027.0,-409780.0,-771980.0,,70646036.0,664780.0
QPSA,2011-09-30,False,Q3,2011,10-Q,1469100.0,-3377006.0,-3512812.0,-0.21,-0.21,0.0,23250310.0,18583358.0,1916019.0,14448947.0,14613204.0,-4915614.0,-654017.0,6483240.0,,3887974.0,166940.0
MEET,2017-03-31,False,Q1,2017,10-Q,20058797.0,448100.0,445846.0,0.01,0.01,0.0,252632980.0,91753447.0,11755666.0,74526312.0,240877314.0,8687879.0,-150510.0,44138904.0,15000000.0,114175554.0,150510.0
MEET,2016-09-30,False,Q3,2016,10-Q,17191261.0,4709586.0,4392409.0,0.08,0.07,0.0,160604013.0,60307969.0,5842266.0,45971169.0,154742846.0,16320303.0,-635605.0,10955086.0,,70646036.0,626105.0
MEET,2016-03-31,False,Q1,2016,10-Q,13321671.0,2192716.0,2354898.0,0.05,0.04,0.0,111991568.0,37925528.0,4859299.0,26411228.0,106187424.0,6884392.0,-110280.0,322726.0,,70646036.0,110280.0
MEET,2015-06-30,False,Q2,2015,10-Q,11086878.0,1333104.0,1209931.0,0.03,0.02,0.0,103983929.0,28265057.0,6898044.0,16191072.0,96255143.0,1630572.0,-861896.0,-1552827.0,,70646036.0,1116896.0
MEET,2017-06-30,False,Q2,2017,10-Q,31329468.0,-1692678.0,856595.0,0.01,0.01,0.0,278274133.0,58416885.0,25093354.0,32252734.0,247555779.0,16662265.0,-66397918.0,60647858.0,13100000.0,150088783.0,595126.0
MEET,2015-12-31,False,FY,2015,10-K,56903773.0,7994566.0,5969628.0,0.13,0.12,0.0,111490673.0,36777568.0,7563872.0,19298038.0,102670362.0,7209245.0,-1514964.0,-3298640.0,,70646036.0,1769964.0
MEET,2016-06-30,False,Q2,2016,10-Q,16388991.0,3166728.0,29618389.0,0.61,0.55,0.0,149727351.0,48780416.0,8643235.0,32069035.0,139421604.0,10311169.0,-494744.0,2920019.0,,70646036.0,494744.0
MEET,2016-12-31,False,FY,2016,10-K,76124109.0,19222639.0,46268618.0,0.89,0.8,0.0,209489484.0,47079052.0,14400895.0,21852531.0,195088589.0,25922895.0,-30941011.0,7939271.0,,114175554.0,1020582.0
MEET,2017-09-30,False,Q3,2017,10-Q,32246472.0,254200.0,2222722.0,0.03,0.03,0.0,272074694.0,49453565.0,19976780.0,24642002.0,252097914.0,22670461.0,-66857812.0,47479715.0,,150088783.0,1055020.0
MEET,2018-03-31,False,Q1,2018,10-Q,37637793.0,-3960469.0,-4212661.0,-0.06,-0.06,0.0,272552144.0,51752305.0,46988146.0,27969456.0,183806071.0,7435472.0,-172642.0,-3915917.0,51973633.0,152185979.0,172642.0
MEET,2018-06-30,False,Q2,2018,10-Q,42801745.0,941086.0,-235272.0,0.0,0.0,0.0,263739373.0,50042901.0,43332636.0,20922457.0,184754386.0,9598418.0,-256391.0,-12715747.0,48301419.0,149227248.0,256391.0
MEET,2017-12-31,False,FY,2017,10-K,123753813.0,-57010609.0,-64591727.0,-0.94,-0.94,0.0,275344771.0,53847293.0,45832133.0,24158444.0,185540560.0,31270666.0,-128003910.0,99924461.0,55637106.0,150694135.0,1798051.0
MEET,2018-09-30,False,Q3,2018,10-Q,45716053.0,2049301.0,1297931.0,0.02,0.02,0.0,261792791.0,51478816.0,45173790.0,21822387.0,189269127.0,18198772.0,-404446.0,-20252952.0,40338637.0,148863242.0,404446.0
