symbol,end_date,amend,period_focus,fiscal_year,doc_type,revenues,op_income,net_income,eps_basic,eps_diluted,dividend,assets,cur_assets,cur_liab,cash,equity,cash_flow_op,cash_flow_inv,cash_flow_fin,debt,goodwill,cap_ex
MHH,2018-09-30,False,Q3,2018,10-Q,44292000.0,2506000.0,1620000.0,0.15,0.14,0.0,96146000.0,41970000.0,17087000.0,2188000.0,33171000.0,-3273000.0,-800000.0,4159000.0,26700000.0,28106000.0,536000.0
MHH,2011-06-30,False,Q2,2011,10-Q,22115000.0,621000.0,382000.0,0.1,0.1,0.0,18602000.0,17819000.0,5804000.0,5333000.0,12798000.0,-834000.0,-72000.0,-95000.0,,405000.0,72000.0
MHH,2011-09-30,False,Q3,2011,10-Q,23489000.0,728000.0,441000.0,0.12,0.12,0.0,20135000.0,19314000.0,7122000.0,5614000.0,13013000.0,-158000.0,-102000.0,-460000.0,,405000.0,102000.0
MHH,2012-06-30,False,Q2,2012,10-Q,25312000.0,771000.0,458000.0,0.14,0.14,0.0,17847000.0,16872000.0,6339000.0,1687000.0,11508000.0,-1532000.0,-108000.0,-2428000.0,,405000.0,108000.0
MHH,2012-09-30,False,Q3,2012,10-Q,25629000.0,940000.0,601000.0,0.19,0.18,0.0,19949000.0,18989000.0,7698000.0,3253000.0,12251000.0,37000.0,-126000.0,-2413000.0,,405000.0,126000.0
MHH,2012-03-31,False,Q1,2012,10-Q,24454000.0,596000.0,352000.0,0.1,0.1,0.0,18080000.0,17077000.0,7130000.0,2748000.0,10950000.0,-449000.0,-71000.0,-2487000.0,,405000.0,71000.0
MHH,2011-12-31,False,FY,2011,10-K,89362000.0,1861000.0,1113000.0,0.3,0.3,0.0,19788000.0,18903000.0,6741000.0,5755000.0,13047000.0,378000.0,-231000.0,-726000.0,,405000.0,231000.0
MHH,2012-12-31,False,FY,2012,10-K,101838000.0,3516000.0,2139000.0,0.66,0.64,0.0,16420000.0,15391000.0,9533000.0,659000.0,6887000.0,997000.0,-154000.0,-5939000.0,,405000.0,150000.0
MHH,2013-03-31,False,Q1,2013,10-Q,27005000.0,937000.0,575000.0,0.17,0.17,0.0,18137000.0,17100000.0,10568000.0,630000.0,7569000.0,-57000.0,-31000.0,59000.0,,405000.0,29000.0
MHH,2013-06-30,False,Q2,2013,10-Q,28935000.0,1266000.0,789000.0,0.24,0.23,0.0,19439000.0,18388000.0,11061000.0,616000.0,8378000.0,-839000.0,-71000.0,867000.0,,405000.0,75000.0
MHH,2014-09-30,False,Q3,2014,10-Q,28634000.0,1439000.0,879000.0,0.2,0.2,0.0,20385000.0,19423000.0,8194000.0,2548000.0,12191000.0,2816000.0,-424000.0,-268000.0,,,423000.0
MHH,2015-03-31,False,Q1,2015,10-Q,27060000.0,328000.0,195000.0,0.05,0.04,0.0,20518000.0,19360000.0,7404000.0,2853000.0,13114000.0,372000.0,-25000.0,-62000.0,,,57000.0
MHH,2013-09-30,False,Q3,2013,10-Q,28283000.0,1676000.0,1480000.0,0.44,0.43,0.0,19057000.0,18460000.0,9070000.0,1614000.0,9987000.0,2573000.0,932000.0,-2550000.0,,,78000.0
MHH,2014-03-31,False,Q1,2014,10-Q,28684000.0,1394000.0,869000.0,0.2,0.2,0.0,20039000.0,19474000.0,9551000.0,508000.0,10488000.0,-1561000.0,-17000.0,1662000.0,,,15000.0
MHH,2014-06-30,False,Q2,2014,10-Q,27656000.0,1419000.0,893000.0,0.21,0.2,0.0,18345000.0,17648000.0,6825000.0,1249000.0,11520000.0,888000.0,-156000.0,93000.0,,,152000.0
MHH,2013-12-31,False,FY,2013,10-K,106901000.0,5302000.0,3805000.0,0.91,0.88,0.0,17051000.0,16400000.0,7591000.0,424000.0,9460000.0,3211000.0,910000.0,-4356000.0,,,100000.0
MHH,2014-12-31,False,FY,2014,10-K,113523000.0,5540000.0,3423000.0,0.79,0.77,0.0,20044000.0,18840000.0,7176000.0,2568000.0,12868000.0,3253000.0,-733000.0,-376000.0,0.0,,679000.0
MHH,2015-09-30,False,Q3,2015,10-Q,34565000.0,1523000.0,887000.0,0.2,0.2,0.0,39765000.0,21835000.0,10703000.0,698000.0,14531000.0,-975000.0,-17082000.0,16187000.0,8500000.0,8427000.0,132000.0
MHH,2016-06-30,False,Q2,2016,10-Q,33629000.0,1664000.0,945000.0,0.22,0.21,0.0,41664000.0,24505000.0,12832000.0,735000.0,16919000.0,-1244000.0,-40000.0,1171000.0,7200000.0,8427000.0,45000.0
MHH,2016-03-31,False,Q1,2016,10-Q,31714000.0,135000.0,11000.0,0.0,0.0,0.0,40289000.0,22893000.0,10785000.0,830000.0,15911000.0,-2873000.0,,2855000.0,7700000.0,8427000.0,
MHH,2015-06-30,False,Q2,2015,10-Q,29305000.0,619000.0,382000.0,0.09,0.09,0.0,36637000.0,18421000.0,10992000.0,490000.0,13573000.0,1230000.0,-17055000.0,13747000.0,9000000.0,8427000.0,104000.0
MHH,2016-09-30,False,Q3,2016,10-Q,34263000.0,1594000.0,924000.0,0.21,0.21,0.0,42974000.0,26130000.0,10596000.0,738000.0,18116000.0,-3712000.0,-67000.0,3669000.0,9300000.0,8427000.0,73000.0
MHH,2018-03-31,False,Q1,2018,10-Q,43333000.0,2438000.0,1380000.0,0.25,0.25,0.0,99055000.0,35696000.0,24330000.0,1267000.0,28689000.0,-1990000.0,-169000.0,990000.0,28600000.0,35844000.0,130000.0
MHH,2015-12-31,False,FY,2015,10-K,123470000.0,4682000.0,2753000.0,0.63,0.62,0.0,38477000.0,20842000.0,11936000.0,848000.0,15803000.0,3027000.0,-17124000.0,12377000.0,8100000.0,8427000.0,168000.0
MHH,2017-06-30,False,Q2,2017,10-Q,35086000.0,982000.0,696000.0,0.15,0.15,0.0,41309000.0,24673000.0,13263000.0,633000.0,20253000.0,498000.0,-412000.0,-282000.0,5400000.0,8427000.0,397000.0
MHH,2017-03-31,False,Q1,2017,10-Q,33100000.0,403000.0,201000.0,0.04,0.04,0.0,41575000.0,25024000.0,10709000.0,876000.0,19386000.0,-3254000.0,-43000.0,3344000.0,7400000.0,8427000.0,37000.0
MHH,2017-12-31,False,FY,2017,10-K,147882000.0,4081000.0,1626000.0,0.33,0.33,0.0,98604000.0,34673000.0,20109000.0,2478000.0,27153000.0,3357000.0,-35934000.0,34226000.0,,35844000.0,1127000.0
MHH,2017-09-30,False,Q3,2017,10-Q,39228000.0,215000.0,-136000.0,-0.03,-0.03,0.0,98974000.0,35227000.0,16142000.0,3162000.0,26107000.0,-1616000.0,-35567000.0,39516000.0,30500000.0,35772000.0,896000.0
MHH,2016-12-31,False,FY,2016,10-K,132008000.0,4507000.0,2520000.0,0.57,0.56,0.0,39491000.0,22964000.0,12257000.0,829000.0,19072000.0,2292000.0,-38000.0,-2273000.0,6300000.0,8427000.0,105000.0
MHH,2018-06-30,False,Q2,2018,10-Q,44894000.0,4457000.0,2817000.0,0.52,0.51,0.0,92227000.0,37283000.0,19236000.0,747000.0,31522000.0,-566000.0,-552000.0,-452000.0,27600000.0,28106000.0,443000.0
