symbol,end_date,amend,period_focus,fiscal_year,doc_type,revenues,op_income,net_income,eps_basic,eps_diluted,dividend,assets,cur_assets,cur_liab,cash,equity,cash_flow_op,cash_flow_inv,cash_flow_fin,debt,goodwill,cap_ex
MIDD,2011-10-01,False,Q3,2011,10-Q,218720000.0,37186000.0,23461000.0,1.3,1.26,0.0,1030367000.0,309180000.0,190010000.0,13416000.0,475861000.0,65681000.0,-136140000.0,76312000.0,295250000.0,439700000.0,4880000.0
MIDD,2010-10-02,False,Q3,2010,10-Q,177793000.0,32011000.0,20602000.0,1.16,1.13,0.0,866638000.0,253293000.0,170184000.0,5986000.0,399700000.0,66156000.0,-28756000.0,-39773000.0,,372049000.0,3008000.0
MIDD,2011-12-31,False,FY,2011,10-K,855907000.0,148710000.0,95473000.0,5.3,5.15,0.0,1146512000.0,367383000.0,549617000.0,40216000.0,510969000.0,130393000.0,-188910000.0,91589000.0,317335000.0,477812000.0,7840000.0
MIDD,2012-03-31,False,Q1,2012,10-Q,228823000.0,36660000.0,22095000.0,1.22,1.2,0.0,1151633000.0,365726000.0,522574000.0,28713000.0,539743000.0,10753000.0,-11473000.0,-11506000.0,2800000.0,487290000.0,1584000.0
MIDD,2010-07-03,False,Q2,2010,10-Q,173412000.0,29729000.0,17509000.0,0.98,0.96,0.0,823857000.0,233367000.0,146025000.0,7372000.0,376589000.0,32070000.0,-5026000.0,-27866000.0,,357295000.0,2405000.0
MIDD,2012-06-30,False,Q2,2012,10-Q,260040000.0,45338000.0,31045000.0,1.7,1.67,0.0,1141014000.0,363323000.0,219520000.0,35227000.0,566305000.0,54296000.0,-13724000.0,-45169000.0,1500000.0,484627000.0,3097000.0
MIDD,2011-01-01,False,FY,2010,10-K,719121000.0,122788000.0,72867000.0,4.09,3.97,0.0,873172000.0,263659000.0,183852000.0,7656000.0,424913000.0,97955000.0,-28877000.0,-69874000.0,,369989000.0,3159000.0
MIDD,2011-07-02,False,Q2,2011,10-Q,210855000.0,35248000.0,19628000.0,1.09,1.06,0.0,1019086000.0,311378000.0,182636000.0,21389000.0,462132000.0,29722000.0,-101929000.0,85125000.0,300650000.0,426708000.0,3151000.0
MIDD,2011-04-02,False,Q1,2011,10-Q,182572000.0,31364000.0,17825000.0,1.0,0.97,0.0,881764000.0,273232000.0,155438000.0,9258000.0,435954000.0,-9541000.0,-4728000.0,15700000.0,,370752000.0,1703000.0
MIDD,2012-09-29,False,Q3,2012,10-Q,257699000.0,47429000.0,29769000.0,1.63,1.6,0.0,1194002000.0,384554000.0,233372000.0,35105000.0,606183000.0,93994000.0,-44590000.0,-54921000.0,1500000.0,505183000.0,5963000.0
MIDD,2013-06-29,False,Q1,2013,10-Q,363801000.0,60325000.0,37163000.0,2.0,2.0,0.0,1710551000.0,518137000.0,272716000.0,34406000.0,724579000.0,24018000.0,-393483000.0,370337000.0,335000.0,690462000.0,8096000.0
MIDD,2018-12-29,False,FY,2018,10-K,2722931000.0,445966000.0,317152000.0,5.71,5.7,0.0,4549781000.0,1061594000.0,558952000.0,71701000.0,1665203000.0,368914000.0,-1239423000.0,856129000.0,1892105000.0,1743175000.0,36040000.0
MIDD,2013-03-30,False,Q1,2013,10-Q,327451000.0,42195000.0,25902000.0,1.41,1.39,0.0,1697754000.0,490153000.0,290027000.0,43769000.0,674081000.0,13531000.0,-381759000.0,378448000.0,100000.0,667609000.0,3923000.0
MIDD,2012-12-29,False,FY,2012,10-K,1038174000.0,188084000.0,120697000.0,6.61,6.49,0.0,1244280000.0,412602000.0,242435000.0,34366000.0,650027000.0,128346000.0,-69895000.0,-64941000.0,260070000.0,526011000.0,7652000.0
MIDD,2013-09-28,False,Q1,2013,10-Q,360013000.0,67488000.0,40942000.0,2.19,2.18,0.0,1700488000.0,514148000.0,282533000.0,29355000.0,781503000.0,83585000.0,-385217000.0,296476000.0,326000.0,635718000.0,11056000.0
MIDD,2014-03-29,False,Q1,2014,10-Q,372478000.0,55933000.0,33445000.0,1.78,1.78,0.0,1915842000.0,629271000.0,300843000.0,39050000.0,856273000.0,-13558000.0,-48956000.0,64615000.0,700000.0,701844000.0,3231000.0
MIDD,2014-06-28,False,Q2,2014,10-Q,424776000.0,75739000.0,48405000.0,0.85,0.85,0.0,1926099000.0,611338000.0,316104000.0,32258000.0,911010000.0,61673000.0,-67711000.0,1752000.0,1000000.0,719265000.0,6986000.0
MIDD,2015-10-03,False,Q3,2015,10-Q,449004000.0,80030000.0,48825000.0,0.86,0.86,0.0,2710779000.0,823716000.0,519700000.0,55062000.0,1134314000.0,167576000.0,-279915000.0,125149000.0,716500000.0,977247000.0,17992000.0
MIDD,2016-04-02,False,Q1,2016,10-Q,516355000.0,86375000.0,54538000.0,0.96,0.96,0.0,2777944000.0,825947000.0,513232000.0,55681000.0,1224336000.0,14505000.0,-7693000.0,-6948000.0,705000000.0,983998000.0,7693000.0
MIDD,2015-07-04,False,Q2,2015,10-Q,436291000.0,83360000.0,54267000.0,0.95,0.95,0.0,2155948000.0,653629000.0,341342000.0,38586000.0,1094953000.0,108760000.0,-87876000.0,-25429000.0,563000000.0,833382000.0,11684000.0
MIDD,2014-09-27,False,Q3,2014,10-Q,404289000.0,86465000.0,59713000.0,1.05,1.05,0.0,1913917000.0,602135000.0,329909000.0,38152000.0,963018000.0,164382000.0,-86792000.0,-75281000.0,1700000.0,723640000.0,10107000.0
MIDD,2015-04-04,False,Q1,2015,10-Q,406596000.0,66580000.0,38231000.0,0.67,0.67,0.0,2142836000.0,661990000.0,333737000.0,54259000.0,1028437000.0,23756000.0,-52615000.0,39489000.0,629000000.0,819274000.0,6117000.0
MIDD,2013-12-28,False,FY,2013,10-K,1428685000.0,244462000.0,153928000.0,8.27,8.21,0.0,1819206000.0,545734000.0,311385000.0,36894000.0,838347000.0,146158000.0,-474190000.0,330202000.0,571598000.0,687955000.0,14640000.0
MIDD,2015-01-03,False,FY,2014,10-K,1636538000.0,300432000.0,193312000.0,3.41,3.4,0.0,2066131000.0,614131000.0,328314000.0,43945000.0,1006760000.0,233882000.0,-233058000.0,8887000.0,598167000.0,808491000.0,13143000.0
MIDD,2017-04-01,False,Q1,2017,10-Q,530297000.0,101079000.0,70702000.0,1.24,1.24,0.0,2943031000.0,837423000.0,449896000.0,76576000.0,1323733000.0,46880000.0,-10972000.0,-28941000.0,722987000.0,1098843000.0,8276000.0
MIDD,2016-10-01,False,Q3,2016,10-Q,574224000.0,121439000.0,75851000.0,1.33,1.33,0.0,2915468000.0,830012000.0,485607000.0,61780000.0,1346461000.0,175097000.0,-229720000.0,62880000.0,825653000.0,1109341000.0,18799000.0
MIDD,2017-09-30,False,Q3,2017,10-Q,593043000.0,118257000.0,74671000.0,1.31,1.31,0.0,3201143000.0,901525000.0,466649000.0,81726000.0,1311502000.0,204892000.0,-187614000.0,-8785000.0,944663000.0,1158654000.0,42434000.0
MIDD,2016-07-02,False,Q2,2016,10-Q,580456000.0,111913000.0,72891000.0,1.28,1.28,0.0,2931670000.0,834985000.0,517392000.0,74031000.0,1284927000.0,95682000.0,-225132000.0,149397000.0,861500000.0,1051954000.0,13108000.0
MIDD,2016-12-31,False,FY,2016,10-K,2267852000.0,446225000.0,284216000.0,4.98,4.98,0.0,2917136000.0,811699000.0,488409000.0,68485000.0,1265318000.0,294110000.0,-235738000.0,-41370000.0,732126000.0,1092722000.0,24817000.0
MIDD,2017-12-30,False,FY,2017,10-K,2335542000.0,410341000.0,298128000.0,5.39,5.26,0.0,3339713000.0,931889000.0,473653000.0,89654000.0,1361148000.0,304455000.0,-345466000.0,55836000.0,1028881000.0,1264810000.0,54493000.0
MIDD,2018-03-31,False,Q1,2018,10-Q,584800000.0,86992000.0,65420000.0,1.18,1.18,0.0,3426894000.0,959655000.0,455611000.0,103290000.0,1440658000.0,44748000.0,-51515000.0,18365000.0,1043108000.0,1293896000.0,16657000.0
MIDD,2017-07-01,False,Q2,2017,10-Q,579343000.0,122136000.0,77569000.0,1.35,1.35,0.0,3140535000.0,884319000.0,444628000.0,64873000.0,1427560000.0,86036000.0,-136692000.0,44756000.0,797647000.0,1134994000.0,31708000.0
MIDD,2016-01-02,False,FY,2015,10-K,1826598000.0,302603000.0,191610000.0,3.36,3.36,0.0,2761151000.0,795162000.0,509971000.0,55528000.0,1166830000.0,249592000.0,-370987000.0,136758000.0,766061000.0,983339000.0,22362000.0
MIDD,2018-06-30,False,Q2,2018,10-Q,668128000.0,111310000.0,83988000.0,1.51,1.51,0.0,4602203000.0,1080457000.0,556054000.0,92284000.0,1501156000.0,146635000.0,-1174148000.0,1032882000.0,2058287000.0,1824755000.0,24208000.0
MIDD,2018-09-29,False,Q3,2018,10-Q,713331000.0,107677000.0,72905000.0,1.31,1.31,0.0,4578609000.0,1078580000.0,574172000.0,76588000.0,1573633000.0,252047000.0,-1185689000.0,923622000.0,1954013000.0,1823258000.0,32552000.0
