symbol,end_date,amend,period_focus,fiscal_year,doc_type,revenues,op_income,net_income,eps_basic,eps_diluted,dividend,assets,cur_assets,cur_liab,cash,equity,cash_flow_op,cash_flow_inv,cash_flow_fin,debt,goodwill,cap_ex
MLI,2011-10-01,False,Q3,2011,10-Q,585809000.0,18864000.0,10475000.0,0.28,0.27,0.1,1358910000.0,1032796000.0,232393000.0,448853000.0,885056000.0,68884000.0,-23385000.0,8668000.0,,102250000.0,13128000.0
MLI,2010-06-26,False,Q2,2010,10-Q,540388000.0,28975000.0,15558000.0,0.41,0.41,0.1,1264202000.0,903968000.0,225554000.0,397155000.0,782486000.0,32388000.0,8451000.0,11380000.0,,102250000.0,9286000.0
MLI,2011-04-02,False,Q1,2011,10-Q,687681000.0,63239000.0,40587000.0,1.08,1.07,0.1,1382012000.0,1035096000.0,278130000.0,413922000.0,859675000.0,25833000.0,-11539000.0,-3982000.0,,102250000.0,5050000.0
MLI,2010-09-25,False,Q3,2011,10-Q,507240000.0,30887000.0,18909000.0,0.5,0.5,0.1,1262741000.0,903881000.0,204972000.0,400116000.0,804109000.0,60696000.0,3147000.0,-9930000.0,,102250000.0,14210000.0
MLI,2011-07-02,False,Q2,2011,10-Q,652923000.0,36550000.0,22331000.0,0.59,0.59,0.1,1358544000.0,1016563000.0,231652000.0,345039000.0,882436000.0,-38904000.0,-19351000.0,7442000.0,,102250000.0,8743000.0
MLI,2010-12-25,False,FY,2010,10-K,2059797000.0,136147000.0,86171000.0,2.29,2.28,0.4,1258996000.0,912314000.0,195127000.0,394139000.0,815897000.0,56357000.0,-1986000.0,-6394000.0,,102250000.0,18678000.0
MLI,2018-12-29,False,FY,2018,10-K,2507878000.0,172969000.0,104459000.0,1.84,1.82,0.4,1369549000.0,702618000.0,232801000.0,72616000.0,563260000.0,167892000.0,-187096000.0,-28269000.0,497555000.0,150335000.0,38481000.0
MLI,2012-03-31,False,Q1,2012,10-Q,577668000.0,46862000.0,32599000.0,0.86,0.85,0.1,1445962000.0,1122220000.0,275804000.0,526885000.0,922718000.0,-10782000.0,25413000.0,-3059000.0,,102250000.0,9340000.0
MLI,2012-09-29,False,Q3,2012,10-Q,514165000.0,24457000.0,15511000.0,0.41,0.41,0.1,1039416000.0,689509000.0,211110000.0,165755000.0,525110000.0,72766000.0,-5684000.0,-416967000.0,220120000.0,104612000.0,43841000.0
MLI,2013-03-30,False,Q1,2013,10-Q,559690000.0,37343000.0,26202000.0,0.94,0.93,0.125,1142913000.0,785157000.0,281500000.0,183866000.0,556459000.0,-14915000.0,-21633000.0,22376000.0,,104579000.0,9835000.0
MLI,2013-06-29,False,Q2,2013,10-Q,582282000.0,144347000.0,91150000.0,3.27,3.23,0.125,1209875000.0,848306000.0,240333000.0,261667000.0,649643000.0,49154000.0,6518000.0,8389000.0,,104579000.0,21687000.0
MLI,2012-06-30,False,Q2,2012,10-Q,594099000.0,29842000.0,17917000.0,0.47,0.47,0.1,1272440000.0,944050000.0,240386000.0,373680000.0,934447000.0,17278000.0,13610000.0,-171853000.0,33515000.0,102250000.0,23433000.0
MLI,2011-12-31,False,FY,2011,10-K,2417797000.0,139802000.0,86321000.0,2.28,2.26,0.4,1347604000.0,1026699000.0,213244000.0,514162000.0,884762000.0,153749000.0,-26704000.0,-6944000.0,197741000.0,102250000.0,18751000.0
MLI,2012-12-29,False,FY,2012,10-K,2189938000.0,126705000.0,82395000.0,2.33,2.31,0.425,1104155000.0,747194000.0,258696000.0,198934000.0,537966000.0,108297000.0,-16376000.0,-408648000.0,234870000.0,104579000.0,56825000.0
MLI,2013-09-28,False,Q3,2013,10-Q,528854000.0,67210000.0,39864000.0,1.43,1.41,0.125,1260621000.0,924343000.0,244172000.0,322177000.0,694420000.0,69990000.0,59001000.0,-5976000.0,,94048000.0,33402000.0
MLI,2014-03-29,False,Q1,2014,10-Q,574374000.0,38307000.0,24706000.0,0.44,0.44,0.075,1282829000.0,885213000.0,235431000.0,233475000.0,758182000.0,-44672000.0,-32732000.0,-1100000.0,,119857000.0,9199000.0
MLI,2015-03-28,False,Q1,2015,10-Q,537242000.0,35724000.0,21978000.0,0.39,0.39,0.075,1324830000.0,941131000.0,224160000.0,326894000.0,807802000.0,3890000.0,-19493000.0,-8121000.0,,102582000.0,7392000.0
MLI,2015-09-26,False,Q3,2015,10-Q,535184000.0,27027000.0,17800000.0,0.32,0.31,0.075,1373526000.0,825499000.0,229541000.0,220745000.0,848183000.0,95468000.0,-188464000.0,-34781000.0,,163063000.0,22502000.0
MLI,2015-06-27,False,Q2,2015,10-Q,555593000.0,55554000.0,33651000.0,0.6,0.59,0.075,1344958000.0,930772000.0,209501000.0,299147000.0,844659000.0,17150000.0,-42943000.0,-26414000.0,,101453000.0,15969000.0
MLI,2014-06-28,False,Q2,2014,10-Q,649691000.0,48204000.0,35045000.0,0.63,0.62,0.075,1349858000.0,946046000.0,268153000.0,242199000.0,792944000.0,-50881000.0,-42281000.0,23198000.0,23100000.0,108418000.0,18833000.0
MLI,2013-12-28,False,FY,2013,10-K,2158541000.0,270937000.0,172600000.0,6.19,6.11,0.5,1247767000.0,874717000.0,219256000.0,311800000.0,735867000.0,128513000.0,-2985000.0,-13643000.0,235333000.0,94357000.0,41349000.0
MLI,2016-04-02,False,Q1,2016,10-Q,532809000.0,41467000.0,28630000.0,0.51,0.5,0.075,1361020000.0,820761000.0,202608000.0,270149000.0,886482000.0,10336000.0,-5807000.0,-9053000.0,,121112000.0,5892000.0
MLI,2015-12-26,False,FY,2015,10-K,2100002000.0,137268000.0,87864000.0,1.56,1.54,0.3,1338801000.0,800401000.0,209429000.0,274844000.0,859702000.0,159609000.0,-190807000.0,-41258000.0,216010000.0,120252000.0,28834000.0
MLI,2017-04-01,False,Q1,2017,10-Q,577920000.0,45607000.0,29987000.0,0.53,0.52,8.1,1304921000.0,756085000.0,231688000.0,146891000.0,506745000.0,-11422000.0,-7112000.0,-188391000.0,,124272000.0,7345000.0
MLI,2014-09-27,False,Q3,2014,10-Q,602820000.0,37726000.0,23823000.0,0.42,0.42,0.075,1327736000.0,924178000.0,233323000.0,259858000.0,807573000.0,4204000.0,-51116000.0,-4684000.0,24500000.0,103242000.0,28406000.0
MLI,2014-12-27,False,FY,2014,10-K,2364227000.0,153996000.0,101560000.0,1.81,1.79,0.3,1328096000.0,941213000.0,238069000.0,352134000.0,795434000.0,90605000.0,-38424000.0,-10551000.0,241444000.0,102909000.0,39173000.0
MLI,2017-07-01,False,Q2,2017,10-Q,614266000.0,46803000.0,27633000.0,0.49,0.48,0.1,1297264000.0,743751000.0,219198000.0,167555000.0,506006000.0,12547000.0,-6661000.0,-193164000.0,200000000.0,137085000.0,11908000.0
MLI,2016-10-01,False,Q3,2016,10-Q,506584000.0,37487000.0,25978000.0,0.46,0.45,0.1,1426121000.0,873594000.0,202200000.0,297793000.0,936604000.0,70586000.0,-29687000.0,-14439000.0,,128004000.0,15632000.0
MLI,2016-07-02,False,Q2,2016,10-Q,544071000.0,44436000.0,27797000.0,0.49,0.49,0.1,1420475000.0,865723000.0,217950000.0,283161000.0,918772000.0,41865000.0,-27791000.0,-3449000.0,,128339000.0,10248000.0
MLI,2017-09-30,False,Q3,2017,10-Q,550363000.0,37559000.0,22258000.0,0.39,0.39,0.1,1249224000.0,692828000.0,245159000.0,106344000.0,530037000.0,53534000.0,-2811000.0,-300162000.0,,139445000.0,17297000.0
MLI,2018-06-30,False,Q2,2018,10-Q,662773000.0,51928000.0,33182000.0,0.58,0.58,0.1,1496384000.0,937513000.0,273474000.0,281445000.0,572089000.0,36219000.0,-12582000.0,134616000.0,315000000.0,139012000.0,10882000.0
MLI,2018-09-29,False,Q3,2018,10-Q,645958000.0,33671000.0,20292000.0,0.36,0.35,0.1,1421743000.0,761204000.0,244283000.0,104735000.0,583408000.0,122515000.0,-166278000.0,26691000.0,,150407000.0,16685000.0
MLI,2016-12-31,False,FY,2016,10-K,2055622000.0,152713000.0,99727000.0,1.76,1.74,0.375,1447476000.0,894323000.0,218992000.0,351317000.0,936437000.0,157777000.0,-53057000.0,-22561000.0,228321000.0,123993000.0,37497000.0
MLI,2018-03-31,False,Q1,2018,10-Q,640060000.0,47408000.0,24128000.0,0.42,0.42,0.1,1336844000.0,762827000.0,213324000.0,91573000.0,553065000.0,-26515000.0,-17884000.0,10305000.0,,137048000.0,5517000.0
MLI,2017-12-30,False,FY,2017,10-K,2266073000.0,151957000.0,85598000.0,1.5,1.49,8.4,1320173000.0,739115000.0,242252000.0,120269000.0,536028000.0,43995000.0,-33422000.0,-244566000.0,466247000.0,130293000.0,46131000.0
