symbol,end_date,amend,period_focus,fiscal_year,doc_type,revenues,op_income,net_income,eps_basic,eps_diluted,dividend,assets,cur_assets,cur_liab,cash,equity,cash_flow_op,cash_flow_inv,cash_flow_fin,debt,goodwill,cap_ex
MO,2012-09-30,False,Q3,2012,10-Q,6242000000.0,1969000000.0,657000000.0,0.32,0.32,0.44,35038000000.0,5934000000.0,6348000000.0,2186000000.0,3868000000.0,2120000000.0,728000000.0,-3932000000.0,,5174000000.0,77000000.0
MO,2011-03-31,False,Q1,2011,10-Q,5643000000.0,1539000000.0,937000000.0,0.45,0.45,0.38,38584000000.0,6988000000.0,7884000000.0,3432000000.0,5455000000.0,2062000000.0,-8000000.0,-936000000.0,,5174000000.0,13000000.0
MO,2018-12-31,False,FY,2018,10-K,25364000000.0,9115000000.0,6963000000.0,3.69,3.68,3.0,55638000000.0,4299000000.0,21193000000.0,1333000000.0,14789000000.0,8391000000.0,-12988000000.0,4716000000.0,13042000000.0,5196000000.0,238000000.0
MO,2011-09-30,False,Q3,2011,10-Q,6108000000.0,1878000000.0,1173000000.0,0.57,0.57,0.41,37201000000.0,6575000000.0,6979000000.0,3043000000.0,4421000000.0,2564000000.0,174000000.0,-2009000000.0,,5174000000.0,75000000.0
MO,2012-03-31,False,Q1,2012,10-Q,5647000000.0,1642000000.0,973000000.0,0.48,0.48,0.41,37815000000.0,7893000000.0,8781000000.0,4156000000.0,3704000000.0,1837000000.0,287000000.0,-1238000000.0,,5174000000.0,16000000.0
MO,2012-06-30,False,Q2,2012,10-Q,6487000000.0,1877000000.0,1225000000.0,0.6,0.6,0.41,34547000000.0,5143000000.0,6081000000.0,1528000000.0,4275000000.0,-85000000.0,510000000.0,-2167000000.0,,5174000000.0,39000000.0
MO,2011-06-30,False,Q2,2011,10-Q,5920000000.0,1295000000.0,444000000.0,0.21,0.21,0.38,36832000000.0,5657000000.0,5446000000.0,2064000000.0,4635000000.0,479000000.0,90000000.0,-819000000.0,,5174000000.0,40000000.0
MO,2011-12-31,False,FY,2011,10-K,23800000000.0,6068000000.0,3390000000.0,1.64,1.64,1.58,36962000000.0,7131000000.0,7643000000.0,3270000000.0,3683000000.0,3613000000.0,387000000.0,-3044000000.0,13689000000.0,5174000000.0,105000000.0
MO,2012-12-31,False,FY,2012,10-K,24618000000.0,7253000000.0,4180000000.0,2.06,2.06,1.7,35329000000.0,6315000000.0,8251000000.0,2900000000.0,3170000000.0,3903000000.0,920000000.0,-5193000000.0,13878000000.0,5174000000.0,124000000.0
MO,2013-03-31,False,Q1,2013,10-Q,5528000000.0,2152000000.0,1385000000.0,0.69,0.69,0.44,36006000000.0,7116000000.0,9498000000.0,3775000000.0,3570000000.0,1793000000.0,188000000.0,-1106000000.0,,5174000000.0,15000000.0
MO,2013-09-30,False,Q3,2013,10-Q,6553000000.0,2132000000.0,1396000000.0,0.7,0.7,0.48,35950000000.0,7549000000.0,8337000000.0,4211000000.0,3981000000.0,2976000000.0,485000000.0,-2150000000.0,,5174000000.0,90000000.0
MO,2014-03-31,False,Q1,2014,10-Q,5517000000.0,1734000000.0,1175000000.0,0.59,0.59,0.48,35406000000.0,6977000000.0,7584000000.0,3620000000.0,4113000000.0,2125000000.0,76000000.0,-1756000000.0,,5174000000.0,27000000.0
MO,2014-06-30,False,Q2,2014,10-Q,6256000000.0,1975000000.0,1262000000.0,0.64,0.64,0.48,33282000000.0,4475000000.0,5046000000.0,1193000000.0,4393000000.0,759000000.0,102000000.0,-2843000000.0,,5285000000.0,60000000.0
MO,2013-06-30,False,Q2,2013,10-Q,6305000000.0,2001000000.0,1266000000.0,0.63,0.63,0.44,34440000000.0,5860000000.0,7070000000.0,2571000000.0,3566000000.0,570000000.0,239000000.0,-1138000000.0,,5174000000.0,41000000.0
MO,2013-12-31,False,FY,2013,10-K,24466000000.0,8084000000.0,4535000000.0,2.26,2.26,1.84,34859000000.0,6590000000.0,7058000000.0,3175000000.0,4118000000.0,4375000000.0,602000000.0,-4702000000.0,14517000000.0,5174000000.0,131000000.0
MO,2009-06-30,False,Q2,2009,10-Q,6719000000.0,1677000000.0,1010000000.0,0.49,0.49,0.32,35829000000.0,4882000000.0,6977000000.0,544000000.0,3345000000.0,135000000.0,-9860000000.0,2353000000.0,500000000.0,4998000000.0,112000000.0
MO,2010-03-31,False,Q1,2010,10-Q,5760000000.0,1430000000.0,813000000.0,0.39,0.39,0.35,37999000000.0,7038000000.0,9040000000.0,3290000000.0,4265000000.0,2041000000.0,17000000.0,-639000000.0,,5174000000.0,38000000.0
MO,2009-12-31,False,FY,2009,10-K,23556000000.0,5462000000.0,3206000000.0,1.55,1.54,1.32,36677000000.0,5773000000.0,7992000000.0,1871000000.0,4072000000.0,3443000000.0,-9764000000.0,276000000.0,0.0,5174000000.0,273000000.0
MO,2009-09-30,False,Q3,2009,10-Q,6300000000.0,1394000000.0,882000000.0,0.43,0.42,0.34,35880000000.0,5008000000.0,7170000000.0,1030000000.0,3723000000.0,2007000000.0,-9705000000.0,812000000.0,0.0,4998000000.0,172000000.0
MO,2010-06-30,False,Q2,2010,10-Q,6274000000.0,1529000000.0,1038000000.0,0.5,0.5,0.35,35245000000.0,4652000000.0,5551000000.0,854000000.0,4523000000.0,291000000.0,21000000.0,-1329000000.0,,5174000000.0,69000000.0
MO,2010-12-31,False,FY,2010,10-K,24363000000.0,6228000000.0,3890000000.0,1.87,1.87,1.46,37402000000.0,5981000000.0,6840000000.0,2314000000.0,5195000000.0,2767000000.0,259000000.0,-2583000000.0,12194000000.0,5174000000.0,168000000.0
MO,2015-03-31,False,Q1,2015,10-Q,5804000000.0,1865000000.0,1018000000.0,0.52,0.52,0.52,34212000000.0,7233000000.0,8895000000.0,3674000000.0,2528000000.0,2498000000.0,99000000.0,-2244000000.0,,5285000000.0,48000000.0
MO,2014-09-30,False,Q3,2014,10-Q,6491000000.0,1999000000.0,1397000000.0,0.71,0.71,0.52,34082000000.0,5662000000.0,7367000000.0,2241000000.0,4291000000.0,3060000000.0,60000000.0,-4054000000.0,,5285000000.0,116000000.0
MO,2010-09-30,False,Q3,2010,10-Q,6402000000.0,1776000000.0,1126000000.0,0.54,0.54,0.38,37110000000.0,5506000000.0,6349000000.0,1700000000.0,5152000000.0,1722000000.0,83000000.0,-1976000000.0,,5174000000.0,116000000.0
MO,2015-09-30,False,Q3,2015,10-Q,6699000000.0,2307000000.0,1528000000.0,0.78,0.78,0.565,31999000000.0,5511000000.0,6567000000.0,1907000000.0,2881000000.0,4090000000.0,95000000.0,-5599000000.0,,5285000000.0,162000000.0
MO,2016-03-31,False,Q1,2016,10-Q,6066000000.0,1977000000.0,1217000000.0,0.62,0.62,0.565,34063000000.0,7498000000.0,8616000000.0,3815000000.0,2748000000.0,2689000000.0,34000000.0,-1277000000.0,,5285000000.0,26000000.0
MO,2014-12-31,False,FY,2014,10-K,24522000000.0,7620000000.0,5070000000.0,2.56,2.56,2.0,34475000000.0,6878000000.0,7673000000.0,3321000000.0,3010000000.0,4663000000.0,177000000.0,-4694000000.0,14693000000.0,5285000000.0,163000000.0
MO,2015-12-31,False,FY,2015,10-K,25434000000.0,8361000000.0,5241000000.0,2.67,2.67,2.17,32535000000.0,6086000000.0,7078000000.0,2369000000.0,2873000000.0,5810000000.0,-15000000.0,-6747000000.0,12919000000.0,5285000000.0,229000000.0
MO,2016-09-30,False,Q3,2016,10-Q,6905000000.0,2382000000.0,1093000000.0,0.56,0.56,0.61,32934000000.0,6403000000.0,6895000000.0,2298000000.0,2947000000.0,3500000000.0,35000000.0,-3606000000.0,,5285000000.0,128000000.0
MO,2016-06-30,False,Q2,2016,10-Q,6521000000.0,2410000000.0,1653000000.0,0.84,0.84,0.565,31324000000.0,4600000000.0,5512000000.0,819000000.0,3143000000.0,1058000000.0,-63000000.0,-2545000000.0,,5285000000.0,77000000.0
MO,2015-06-30,False,Q2,2015,10-Q,6613000000.0,2224000000.0,1448000000.0,0.74,0.74,0.52,31869000000.0,4633000000.0,6261000000.0,1123000000.0,2773000000.0,1247000000.0,87000000.0,-3532000000.0,,5285000000.0,99000000.0
MO,2016-12-31,False,FY,2016,10-K,25744000000.0,8762000000.0,14239000000.0,7.28,7.28,2.35,45932000000.0,7260000000.0,7375000000.0,4569000000.0,12773000000.0,3791000000.0,3708000000.0,-5299000000.0,13881000000.0,5285000000.0,189000000.0
MO,2017-06-30,False,Q2,2017,10-Q,6663000000.0,2539000000.0,1989000000.0,1.03,1.03,0.61,43726000000.0,4611000000.0,5582000000.0,2255000000.0,12421000000.0,1948000000.0,-246000000.0,-4016000000.0,,5307000000.0,91000000.0
MO,2017-03-31,False,Q1,2017,10-Q,6083000000.0,2247000000.0,1401000000.0,0.72,0.72,0.61,46175000000.0,7626000000.0,8300000000.0,5228000000.0,12263000000.0,2665000000.0,-230000000.0,-1776000000.0,,5307000000.0,33000000.0
MO,2017-09-30,False,Q3,2017,10-Q,6729000000.0,2607000000.0,1866000000.0,0.97,0.97,0.66,44160000000.0,5156000000.0,6662000000.0,2582000000.0,12169000000.0,4165000000.0,-202000000.0,-5950000000.0,,5307000000.0,151000000.0
MO,2017-12-31,False,FY,2017,10-K,25576000000.0,9556000000.0,10222000000.0,5.31,5.31,2.54,43202000000.0,4344000000.0,6792000000.0,1253000000.0,15380000000.0,4922000000.0,-467000000.0,-7771000000.0,13894000000.0,5307000000.0,199000000.0
MO,2018-03-31,False,Q1,2018,10-Q,6108000000.0,2316000000.0,1894000000.0,1.0,1.0,0.7,43899000000.0,4824000000.0,7475000000.0,2191000000.0,15397000000.0,2809000000.0,-41000000.0,-1793000000.0,,5307000000.0,34000000.0
MO,2018-06-30,False,Q2,2018,10-Q,6305000000.0,2498000000.0,1876000000.0,0.99,0.99,0.7,43177000000.0,4131000000.0,6388000000.0,1430000000.0,15798000000.0,3850000000.0,-81000000.0,-3560000000.0,,5307000000.0,72000000.0
MO,2018-09-30,False,Q3,2018,10-Q,6837000000.0,2557000000.0,1943000000.0,1.03,1.03,0.8,43953000000.0,5165000000.0,8646000000.0,2393000000.0,15496000000.0,6566000000.0,-137000000.0,-5251000000.0,,5307000000.0,132000000.0
