symbol,end_date,amend,period_focus,fiscal_year,doc_type,revenues,op_income,net_income,eps_basic,eps_diluted,dividend,assets,cur_assets,cur_liab,cash,equity,cash_flow_op,cash_flow_inv,cash_flow_fin,debt,goodwill,cap_ex
MOV,2011-10-31,False,Q3,2012,10-Q,142622000.0,19128000.0,16404000.0,0.66,0.65,0.03,498973000.0,433842000.0,80769000.0,138028000.0,393849000.0,32736000.0,-3549000.0,-1783000.0,,,4535000.0
MOV,2018-10-31,False,Q3,2019,10-Q,208949000.0,24107000.0,26922000.0,1.16,1.14,0.2,763916000.0,483903000.0,137072000.0,142668000.0,481014000.0,26846000.0,-101376000.0,12373000.0,0.0,131756000.0,8206000.0
MOV,2012-04-30,False,Q1,2013,10-Q,103655000.0,8488000.0,6633000.0,0.26,0.26,0.55,493040000.0,420962000.0,73027000.0,158750000.0,393691000.0,-24393000.0,-837000.0,-806000.0,,,837000.0
MOV,2011-07-31,False,Q2,2012,10-Q,113231000.0,5014000.0,4408000.0,0.18,0.18,0.03,495973000.0,427525000.0,66374000.0,128781000.0,404068000.0,12355000.0,-2110000.0,-1424000.0,,,3184000.0
MOV,2012-01-31,False,FY,2012,10-K,468117000.0,33563000.0,31995000.0,1.28,1.27,0.12,506043000.0,432632000.0,86393000.0,182201000.0,394074000.0,86062000.0,-7208000.0,-1525000.0,,,8170000.0
MOV,2013-07-31,False,Q2,2014,10-Q,138301000.0,17040000.0,12454000.0,0.49,0.48,0.05,543641000.0,447227000.0,77221000.0,151516000.0,437998000.0,-195000.0,-8174000.0,-6002000.0,,,10206000.0
MOV,2013-04-30,False,Q1,2014,10-Q,110010000.0,10005000.0,8210000.0,0.32,0.32,0.05,515379000.0,419866000.0,60191000.0,141484000.0,426873000.0,-17780000.0,-4359000.0,-2342000.0,,,6469000.0
MOV,2012-10-31,False,Q3,2013,10-Q,160202000.0,24990000.0,34473000.0,1.36,1.34,0.05,562371000.0,475958000.0,106106000.0,164813000.0,431399000.0,5790000.0,-6775000.0,-14884000.0,,,6524000.0
MOV,2012-07-31,False,Q2,2013,10-Q,118027000.0,10749000.0,8058000.0,0.32,0.32,0.05,479474000.0,409100000.0,69104000.0,156338000.0,383485000.0,-2093000.0,-2556000.0,-14659000.0,,,2446000.0
MOV,2013-01-31,False,FY,2013,10-K,505478000.0,49346000.0,57083000.0,2.26,2.22,1.45,526362000.0,434099000.0,73486000.0,167889000.0,425692000.0,38781000.0,-16263000.0,-38375000.0,,,15978000.0
MOV,2014-04-30,False,Q1,2015,10-Q,120921000.0,10921000.0,7365000.0,0.29,0.29,0.1,574884000.0,480956000.0,68275000.0,137827000.0,475573000.0,-12053000.0,-1543000.0,-8301000.0,,,1523000.0
MOV,2014-07-31,False,Q2,2015,10-Q,143591000.0,17168000.0,12151000.0,0.48,0.47,0.1,591443000.0,497212000.0,82757000.0,169649000.0,477263000.0,-5679000.0,29717000.0,-11431000.0,,,4294000.0
MOV,2013-10-31,False,Q3,2014,10-Q,189685000.0,34084000.0,23019000.0,0.9,0.89,0.08,594991000.0,497332000.0,103064000.0,163146000.0,462668000.0,16616000.0,-9924000.0,-11720000.0,,,11895000.0
MOV,2015-01-31,False,FY,2015,10-K,586980000.0,71487000.0,51776000.0,2.05,2.02,0.4,583023000.0,485278000.0,66072000.0,199852000.0,484285000.0,59596000.0,21593000.0,-36180000.0,3900000.0,,11132000.0
MOV,2014-01-31,False,FY,2014,10-K,570255000.0,67742000.0,50877000.0,1.99,1.97,0.26,578610000.0,485310000.0,83593000.0,157659000.0,465990000.0,54516000.0,-47895000.0,-16515000.0,,,16707000.0
MOV,2016-04-30,False,Q1,2017,10-Q,114063000.0,5378000.0,3308000.0,0.14,0.14,0.13,594062000.0,494540000.0,65761000.0,203909000.0,459418000.0,-20981000.0,-1990000.0,-10233000.0,0.0,,538000.0
MOV,2014-10-31,False,Q3,2015,10-Q,188557000.0,33333000.0,22209000.0,0.88,0.87,0.1,601769000.0,507165000.0,92392000.0,157937000.0,476810000.0,1349000.0,25283000.0,-19499000.0,4100000.0,,7485000.0
MOV,2015-04-30,False,Q1,2015,10-Q,120461000.0,6875000.0,3622000.0,0.15,0.15,0.11,584537000.0,487164000.0,89898000.0,185828000.0,460650000.0,-11174000.0,-1555000.0,-261000.0,0.0,,1461000.0
MOV,2016-07-31,False,Q2,2017,10-Q,128086000.0,10091000.0,6306000.0,0.27,0.27,0.13,598736000.0,499429000.0,68809000.0,205795000.0,459632000.0,-14173000.0,-3369000.0,-12236000.0,0.0,,1796000.0
MOV,2016-01-31,False,FY,2016,10-K,594923000.0,70107000.0,45094000.0,1.92,1.9,0.44,585170000.0,489035000.0,78182000.0,228188000.0,441147000.0,74590000.0,-9155000.0,-23722000.0,0.0,,8070000.0
MOV,2015-10-31,False,Q3,2016,10-Q,185629000.0,33454000.0,21532000.0,0.93,0.92,0.11,613118000.0,520555000.0,87126000.0,181180000.0,452909000.0,10240000.0,-6020000.0,-14299000.0,0.0,,5827000.0
MOV,2015-07-31,False,Q2,2016,10-Q,145569000.0,18234000.0,12053000.0,0.51,0.5,0.11,590011000.0,495307000.0,71572000.0,188012000.0,445084000.0,2574000.0,-3806000.0,-4815000.0,0.0,,3668000.0
MOV,2017-01-31,False,FY,2017,10-K,552752000.0,53981000.0,35061000.0,1.52,1.51,0.52,607802000.0,504780000.0,71402000.0,256279000.0,473993000.0,58418000.0,-7556000.0,-27675000.0,0.0,,5920000.0
MOV,2016-10-31,False,Q3,2017,10-Q,179818000.0,31071000.0,20215000.0,0.88,0.87,0.13,624478000.0,527332000.0,83939000.0,199758000.0,470097000.0,-10674000.0,-5450000.0,-16957000.0,0.0,,3847000.0
MOV,2018-07-31,False,Q2,2019,10-Q,144093000.0,12860000.0,9140000.0,0.39,0.39,0.2,627248000.0,468670000.0,90628000.0,175583000.0,463354000.0,4131000.0,-5277000.0,-31461000.0,0.0,55744000.0,5060000.0
MOV,2018-04-30,False,Q1,2019,10-Q,127149000.0,8139000.0,8115000.0,0.35,0.35,0.2,612132000.0,452169000.0,77955000.0,176959000.0,460948000.0,-2620000.0,-1854000.0,-27685000.0,0.0,58484000.0,1686000.0
MOV,2018-01-31,False,FY,2018,10-K,567953000.0,43200000.0,-15225000.0,-0.66,-0.66,0.52,645380000.0,481600000.0,100296000.0,214811000.0,470335000.0,54724000.0,-84339000.0,-20886000.0,0.0,60269000.0,5810000.0
MOV,2017-04-30,False,Q1,2018,10-Q,99265000.0,-3648000.0,-4159000.0,-0.18,-0.18,0.13,595041000.0,492982000.0,66860000.0,233594000.0,464520000.0,-16554000.0,-437000.0,-4702000.0,0.0,,397000.0
MOV,2017-10-31,False,Q3,2018,10-Q,190693000.0,25185000.0,17360000.0,0.75,0.75,0.13,659566000.0,484652000.0,100872000.0,155484000.0,487441000.0,-9426000.0,-82048000.0,-12583000.0,0.0,56316000.0,3575000.0
MOV,2017-07-31,False,Q2,2018,10-Q,128781000.0,8317000.0,5482000.0,0.24,0.24,0.13,634073000.0,452722000.0,86096000.0,162417000.0,478158000.0,-10022000.0,-80441000.0,-8355000.0,0.0,56116000.0,2005000.0
