symbol,end_date,amend,period_focus,fiscal_year,doc_type,revenues,op_income,net_income,eps_basic,eps_diluted,dividend,assets,cur_assets,cur_liab,cash,equity,cash_flow_op,cash_flow_inv,cash_flow_fin,debt,goodwill,cap_ex
MPO,2013-03-31,False,Q1,2013,10-Q,71022000.0,-2060000.0,-12066000.0,-0.18,-0.18,0.0,1819484000.0,135283000.0,168818000.0,50625000.0,637125000.0,62203000.0,-132538000.0,102082000.0,600000000.0,,132538000.0
MPO,2012-03-31,False,Q1,2012,10-Q,30244000.0,-15824000.0,-17507000.0,-0.16,-0.16,0.0,688609000.0,42309000.0,147718000.0,9194000.0,,34316000.0,-72466000.0,40000000.0,,,72466000.0
MPO,2018-09-30,False,Q3,2018,10-Q,47765000.0,12170000.0,11165000.0,0.44,0.44,0.0,609999000.0,41125000.0,64235000.0,6213000.0,504959000.0,81570000.0,-43377000.0,-100478000.0,,,98164000.0
MPO,2013-12-31,False,FY,2013,10-K,469506000.0,-407409000.0,-359574000.0,-5.47,-5.47,0.0,2342107000.0,192597000.0,253754000.0,33163000.0,339999000.0,227102000.0,-1193846000.0,981029000.0,700000000.0,,573734000.0
MPO,2012-06-30,False,Q2,2012,10-Q,102582000.0,57387000.0,-112377000.0,-1.85,-1.85,0.0,791235000.0,55140000.0,90467000.0,11689000.0,370139000.0,59963000.0,-184245000.0,128627000.0,151700000.0,,184245000.0
MPO,2012-09-30,False,Q3,2012,10-Q,25932000.0,-28567000.0,-17803000.0,-0.27,-0.27,0.0,856285000.0,36274000.0,113239000.0,4674000.0,353065000.0,94680000.0,-284875000.0,187525000.0,216300000.0,,284875000.0
MPO,2015-03-31,False,Q1,2015,10-Q,111198000.0,-166101000.0,-193685000.0,-2.88,-2.88,0.0,2271599000.0,215083000.0,239613000.0,11941000.0,273306000.0,113017000.0,-111167000.0,-1466000.0,700000000.0,,111167000.0
MPO,2014-09-30,False,Q3,2014,10-Q,224761000.0,111091000.0,46192000.0,0.69,0.69,0.0,2279968000.0,174850000.0,249087000.0,25717000.0,334276000.0,312067000.0,-284833000.0,-34680000.0,700000000.0,,435363000.0
MPO,2014-06-30,False,Q2,2014,10-Q,147990000.0,31665000.0,-6904000.0,-0.1,-0.1,0.0,2243284000.0,189767000.0,289402000.0,29660000.0,257583000.0,177047000.0,-131514000.0,-49036000.0,700000000.0,,279033000.0
MPO,2013-09-30,False,Q3,2013,10-Q,111505000.0,-10871000.0,-26175000.0,-0.4,-0.4,0.0,2704470000.0,165668000.0,261844000.0,24953000.0,654715000.0,179941000.0,-1059269000.0,885403000.0,700000000.0,,437521000.0
MPO,2012-12-31,False,FY,2012,10-K,247673000.0,20543000.0,-156597000.0,-7.68,-7.68,0.0,1684010000.0,89472000.0,135427000.0,18878000.0,643581000.0,137249000.0,-773608000.0,647893000.0,600000000.0,,422332000.0
MPO,2014-03-31,False,Q1,2014,10-Q,144662000.0,-51978000.0,-86265000.0,-1.31,-1.31,0.0,2330012000.0,191959000.0,330009000.0,14648000.0,257770000.0,97432000.0,-114803000.0,-1144000.0,700000000.0,,114803000.0
MPO,2016-06-30,False,Q2,2016,10-Q,62559000.0,-52759000.0,8864000.0,0.83,0.83,0.0,729294000.0,333885000.0,320976000.0,281561000.0,-1495107000.0,51561000.0,-100424000.0,249331000.0,,,100424000.0
MPO,2016-09-30,False,Q3,2016,10-Q,64193000.0,-12944000.0,-38384000.0,-3.6,-3.6,0.0,695692000.0,328045000.0,326214000.0,279596000.0,-1533090000.0,78244000.0,-129072000.0,249331000.0,,,129072000.0
MPO,2016-03-31,False,Q1,2016,10-Q,51961000.0,-135119000.0,-179274000.0,-16.88,-16.88,0.0,782845000.0,344702000.0,2265100000.0,301426000.0,-1504510000.0,29855000.0,-58654000.0,249132000.0,2134771000.0,,58654000.0
MPO,2015-12-31,False,FY,2015,10-K,365145000.0,-1643803000.0,-1798143000.0,-232.74,-232.74,0.0,679167000.0,145802000.0,1984560000.0,81093000.0,-1326066000.0,213383000.0,-294556000.0,150709000.0,1890944000.0,,336922000.0
MPO,2015-09-30,False,Q3,2015,10-Q,110363000.0,-453790000.0,-494490000.0,-72.34,-72.34,0.0,1298061000.0,271158000.0,174953000.0,166783000.0,-816011000.0,235892000.0,-231408000.0,150742000.0,1916021000.0,,271576000.0
MPO,2014-12-31,False,FY,2014,10-K,794183000.0,260833000.0,67271000.0,1.01,1.01,0.0,2475793000.0,273125000.0,251476000.0,11557000.0,465862000.0,356838000.0,-409558000.0,31114000.0,700000000.0,,561691000.0
MPO,2015-06-30,False,Q2,2015,10-Q,74754000.0,-553584000.0,-599106000.0,-88.44,-88.44,0.0,1796238000.0,292863000.0,175485000.0,151037000.0,-322797000.0,138650000.0,-149994000.0,150824000.0,1924412000.0,,190278000.0
MPO,2013-06-30,False,Q2,2013,10-Q,126008000.0,21947000.0,629000.0,0.01,0.01,0.0,2565844000.0,127598000.0,182305000.0,12285000.0,642074000.0,72840000.0,-881332000.0,801899000.0,700000000.0,,259584000.0
MPO,2018-06-30,False,Q2,2018,10-Q,42324000.0,-245000.0,-1542000.0,-0.06,-0.06,0.0,602586000.0,43904000.0,71092000.0,6256000.0,491991000.0,49292000.0,-11056000.0,-100478000.0,,,65843000.0
MPO,2018-03-31,False,Q1,2018,10-Q,48905000.0,5812000.0,3905000.0,0.15,0.15,0.0,645622000.0,45969000.0,58247000.0,8428000.0,491928000.0,22147000.0,-31758000.0,-50459000.0,,,31758000.0
MPO,2017-06-30,False,Q2,2017,10-Q,60679000.0,14970000.0,13382000.0,0.53,0.53,0.0,801648000.0,131592000.0,59471000.0,85999000.0,598671000.0,63177000.0,-53019000.0,-997000.0,,,54369000.0
MPO,2017-09-30,False,Q3,2017,10-Q,49715000.0,5312000.0,3581000.0,0.14,0.14,0.0,805039000.0,114864000.0,56467000.0,76548000.0,605597000.0,89317000.0,-88606000.0,-1001000.0,,,92841000.0
MPO,2017-03-31,False,Q1,2017,10-Q,65015000.0,19462000.0,17939000.0,0.72,0.72,0.0,789338000.0,132963000.0,62045000.0,84453000.0,584089000.0,32373000.0,-24758000.0,,,,26108000.0
MPO,2016-12-31,False,FY,2016,10-K,,,,,,0.0,760939000.0,123889000.0,56252000.0,76838000.0,561814000.0,23644000.0,-23346000.0,,128059000.0,,23346000.0
MPO,2017-12-31,False,FY,2017,10-K,228753000.0,-79494000.0,-85077000.0,-3.39,-3.39,0.0,688128000.0,106688000.0,57822000.0,68498000.0,485587000.0,119602000.0,-125964000.0,-1978000.0,,,130199000.0
