symbol,end_date,amend,period_focus,fiscal_year,doc_type,revenues,op_income,net_income,eps_basic,eps_diluted,dividend,assets,cur_assets,cur_liab,cash,equity,cash_flow_op,cash_flow_inv,cash_flow_fin,debt,goodwill,cap_ex
MUR,2011-09-30,False,Q3,2011,10-Q,7211407000.0,,406114000.0,2.1,2.09,0.0,15491082000.0,4460630000.0,3463870000.0,1278981000.0,8888352000.0,1876747000.0,-1344894000.0,221172000.0,,40716000.0,1853939000.0
MUR,2010-06-30,False,Q2,2010,10-Q,5592353000.0,,272289000.0,1.42,1.41,0.0,13547316000.0,3715779000.0,2723651000.0,398820000.0,7666968000.0,1447743000.0,-1126412000.0,-209877000.0,,40195000.0,992256000.0
MUR,2012-06-30,False,Q2,2012,10-Q,7179462000.0,,295437000.0,1.52,1.52,0.0,15000768000.0,3443953000.0,2550753000.0,671642000.0,9304628000.0,1347118000.0,-1277103000.0,87533000.0,,42068000.0,7440000.0
MUR,2012-03-31,False,Q1,2012,10-Q,6991356000.0,,290071000.0,1.5,1.49,0.0,14936948000.0,3804603000.0,3245889000.0,936649000.0,9119083000.0,991006000.0,-525511000.0,-51259000.0,,42820000.0,567264000.0
MUR,2010-09-30,False,Q3,2010,10-Q,6072417000.0,,202832000.0,1.06,1.05,0.0,13732622000.0,3456856000.0,2751689000.0,462392000.0,7966919000.0,2200881000.0,-1587909000.0,-446952000.0,,41550000.0,1611656000.0
MUR,2010-12-31,False,FY,2010,10-K,23401117000.0,,798081000.0,4.16,4.13,1.05,14233243000.0,3550693000.0,2930910000.0,535825000.0,8199550000.0,3128558000.0,-2328812000.0,-565946000.0,939391000.0,42850000.0,2316372000.0
MUR,2013-03-31,False,Q1,2013,10-Q,6647944000.0,,360599000.0,1.89,1.88,0.0,17751685000.0,4098803000.0,3272083000.0,1117105000.0,9138494000.0,921127000.0,-933940000.0,196170000.0,,42034000.0,4894000.0
MUR,2018-12-31,False,FY,2018,10-K,2570603000.0,629717000.0,411094000.0,2.38,2.36,1.0,11052587000.0,879814000.0,846058000.0,387373000.0,5197642000.0,1219396000.0,-1896045000.0,127764000.0,2912717000.0,,1102805000.0
MUR,2011-06-30,False,Q2,2011,10-Q,8690140000.0,,311613000.0,1.61,1.6,0.0,15567036000.0,4213517000.0,3343068000.0,801246000.0,8829166000.0,917942000.0,-1146644000.0,484950000.0,,44390000.0,1258731000.0
MUR,2011-03-31,False,Q1,2011,10-Q,7346003000.0,,268903000.0,1.39,1.38,0.0,14884121000.0,3921489000.0,3180961000.0,689419000.0,8531237000.0,522900000.0,-362535000.0,-15059000.0,,44061000.0,526767000.0
MUR,2012-09-30,False,Q3,2012,10-Q,7130629000.0,,226681000.0,1.17,1.16,0.0,16589837000.0,4101972000.0,3224621000.0,816694000.0,9616758000.0,2101227000.0,-2230183000.0,422667000.0,,43470000.0,11367000.0
MUR,2011-12-31,False,FY,2011,10-K,27689332000.0,,872702000.0,4.51,4.49,1.1,14138138000.0,3447671000.0,2824928000.0,513873000.0,8778397000.0,2145385000.0,-1614354000.0,-548323000.0,599558000.0,41863000.0,2623407000.0
MUR,2013-06-30,False,Q2,2013,10-Q,7201508000.0,,402644000.0,2.13,2.12,0.0,18824975000.0,4415713000.0,3752307000.0,974426000.0,9134172000.0,1669010000.0,-1706940000.0,83540000.0,,40652000.0,7682000.0
MUR,2013-09-30,False,Q3,2013,10-Q,2904791000.0,,284809000.0,1.52,1.51,0.0,17491086000.0,3770806000.0,3184226000.0,1033937000.0,8918046000.0,2678516000.0,-2745870000.0,153720000.0,,41482000.0,11821000.0
MUR,2012-12-31,False,FY,2012,10-K,28616331000.0,,970876000.0,5.01,4.99,3.675,17522643000.0,4108583000.0,3409081000.0,947316000.0,8942035000.0,3056281000.0,-3317422000.0,685709000.0,2245247000.0,43103000.0,12790000.0
MUR,2009-09-30,False,Q3,2009,10-Q,5202198000.0,,188877000.0,0.99,0.98,0.0,12279046000.0,3182703000.0,1985973000.0,315067000.0,6951442000.0,1186467000.0,-1878054000.0,318970000.0,,42605000.0,1542032000.0
MUR,2009-06-30,False,Q2,2009,10-Q,4495994000.0,,158770000.0,0.83,0.83,0.0,12109268000.0,3192739000.0,1909511000.0,507083000.0,6637620000.0,512502000.0,-1118219000.0,414562000.0,,39201000.0,1004897000.0
MUR,2015-03-31,False,Q1,2015,10-Q,749150000.0,,-14441000.0,-0.08,-0.08,0.0,15160837000.0,2588188000.0,2176919000.0,981002000.0,8204478000.0,533844000.0,-371099000.0,-368842000.0,,,823840000.0
MUR,2009-12-31,False,FY,2009,10-K,18918181000.0,,837621000.0,4.39,4.35,1.0,12756359000.0,3375695000.0,2181608000.0,301144000.0,7346026000.0,1864633000.0,-2331907000.0,67029000.0,,40652000.0,1978598000.0
MUR,2014-06-30,False,Q2,2014,10-Q,1357905000.0,,129412000.0,0.72,0.72,0.0,17873934000.0,3232933000.0,2850521000.0,661086000.0,8398897000.0,1459683000.0,-1912084000.0,354866000.0,,40083000.0,1840544000.0
MUR,2014-09-30,False,Q3,2014,10-Q,1431007000.0,,245707000.0,1.38,1.37,0.0,17845766000.0,3287118000.0,2620217000.0,674021000.0,8402508000.0,2354017000.0,-2920249000.0,492582000.0,,38198000.0,2806705000.0
MUR,2014-03-31,False,Q1,2014,10-Q,1281208000.0,,155253000.0,0.86,0.85,0.0,17551138000.0,3373559000.0,3056844000.0,648612000.0,8304078000.0,735879000.0,-1001955000.0,166368000.0,,38702000.0,996218000.0
MUR,2015-06-30,False,Q2,2015,10-Q,718621000.0,,-73834000.0,-0.42,-0.42,0.0,15149964000.0,2499433000.0,1806788000.0,909268000.0,7866046000.0,715211000.0,-997497000.0,-15412000.0,,,1433615000.0
MUR,2010-03-31,False,Q1,2010,10-Q,5228675000.0,,148891000.0,0.78,0.77,0.0,13169842000.0,3485959000.0,2451380000.0,299973000.0,7553585000.0,829397000.0,-654174000.0,-168930000.0,,42115000.0,481005000.0
MUR,2013-12-31,False,FY,2013,10-K,5312686000.0,,1123473000.0,5.98,5.94,1.25,17509484000.0,3508643000.0,3224031000.0,750155000.0,8595730000.0,3638487000.0,-3731179000.0,-107707000.0,2962812000.0,40259000.0,7757000.0
MUR,2016-03-31,False,Q1,2016,10-Q,429094000.0,,-198802000.0,-1.16,-1.16,0.0,11460697000.0,1698930000.0,1377755000.0,423063000.0,5205088000.0,43312000.0,-193948000.0,306991000.0,925000000.0,,210029000.0
MUR,2017-03-31,False,Q1,2017,10-Q,544658000.0,,58464000.0,0.34,0.34,0.0,10271987000.0,1609856000.0,1468649000.0,875853000.0,4958483000.0,305513000.0,-246985000.0,-58604000.0,171900000.0,,211631000.0
MUR,2016-06-30,False,Q2,2016,10-Q,411217000.0,,2930000.0,0.02,0.02,0.0,9914632000.0,1037855000.0,880749000.0,267483000.0,5171693000.0,113378000.0,591258000.0,-726845000.0,88000000.0,,206700000.0
MUR,2016-09-30,False,Q3,2016,10-Q,486276000.0,,-16176000.0,-0.09,-0.09,0.0,10394015000.0,1605124000.0,914201000.0,753093000.0,5085588000.0,280350000.0,427371000.0,-245079000.0,88000000.0,,781668000.0
MUR,2018-03-31,False,Q1,2018,10-Q,585605000.0,127008000.0,168253000.0,0.97,0.96,0.25,9938210000.0,1308043000.0,866071000.0,938615000.0,4692307000.0,278521000.0,-273641000.0,-52304000.0,91400000.0,,273901000.0
MUR,2014-12-31,False,FY,2014,10-K,5288933000.0,,905611000.0,5.06,5.03,1.325,16742307000.0,3279149000.0,3147887000.0,1193308000.0,8573434000.0,3048639000.0,-2317818000.0,-544710000.0,3001626000.0,0.0,3679464000.0
MUR,2016-12-31,False,FY,2016,10-K,1809575000.0,,-275970000.0,-1.6,-1.6,1.2,10295860000.0,1559183000.0,1502432000.0,872797000.0,4916679000.0,600795000.0,286087000.0,-290881000.0,2992567000.0,,206700000.0
MUR,2018-06-30,False,Q2,2018,10-Q,618194000.0,142100000.0,45518000.0,0.26,0.26,0.25,9945449000.0,1315355000.0,903557000.0,901308000.0,4671638000.0,624546000.0,-614521000.0,-98087000.0,27900000.0,,615144000.0
MUR,2017-09-30,False,Q3,2017,10-Q,498202000.0,32844000.0,-65893000.0,-0.38,-0.38,0.25,10192759000.0,1447157000.0,831530000.0,997207000.0,4980134000.0,819568000.0,-529104000.0,-159487000.0,84800000.0,,706417000.0
MUR,2017-06-30,False,Q2,2017,10-Q,509613000.0,,-17571000.0,-0.1,-0.1,0.25,10136801000.0,1540583000.0,1357642000.0,1058487000.0,4977688000.0,591462000.0,-295819000.0,-105342000.0,178100000.0,,431654000.0
MUR,2015-09-30,False,Q3,2015,10-Q,665589000.0,,-1595426000.0,-9.26,-9.26,0.0,12627962000.0,2165803000.0,1651235000.0,878667000.0,6028454000.0,1096528000.0,-1583622000.0,-16074000.0,,,1975069000.0
MUR,2018-09-30,False,Q3,2018,10-Q,674797000.0,210767000.0,93944000.0,0.54,0.54,0.25,10026620000.0,1381286000.0,875514000.0,947732000.0,4766928000.0,996945000.0,-857228000.0,-143866000.0,28000000.0,,858356000.0
MUR,2015-12-31,False,FY,2015,10-K,2787116000.0,,-2270833000.0,-13.03,-13.03,1.4,11493812000.0,1448416000.0,1674629000.0,283183000.0,5306728000.0,1183369000.0,-1922121000.0,-364561000.0,3059475000.0,,2549736000.0
MUR,2017-12-31,False,FY,2017,10-K,2097695000.0,321573000.0,-311789000.0,-1.81,-1.81,1.0,9860942000.0,1371603000.0,834207000.0,964988000.0,4620191000.0,1129675000.0,-831994000.0,-205217000.0,2916422000.0,,1009667000.0
