symbol,end_date,amend,period_focus,fiscal_year,doc_type,revenues,op_income,net_income,eps_basic,eps_diluted,dividend,assets,cur_assets,cur_liab,cash,equity,cash_flow_op,cash_flow_inv,cash_flow_fin,debt,goodwill,cap_ex
NBL,2011-06-30,False,Q2,2011,10-Q,954000000.0,294000000.0,294000000.0,1.66,1.61,0.0,14339000000.0,2313000000.0,1502000000.0,1527000000.0,7158000000.0,1229000000.0,-1184000000.0,401000000.0,2818000000.0,696000000.0,1261000000.0
NBL,2011-03-31,False,Q1,2011,10-Q,899000000.0,347000000.0,14000000.0,0.08,0.08,0.18,13967000000.0,2191000000.0,1300000000.0,1419000000.0,6876000000.0,484000000.0,-575000000.0,429000000.0,2484000000.0,696000000.0,578000000.0
NBL,2010-12-31,False,FY,2010,10-K,3022000000.0,952000000.0,725000000.0,4.15,4.1,0.72,13282000000.0,1838000000.0,1422000000.0,1081000000.0,6848000000.0,1946000000.0,-1779000000.0,-100000000.0,1984000000.0,696000000.0,1885000000.0
NBL,2012-09-30,False,Q3,2012,10-Q,1006000000.0,450000000.0,221000000.0,1.24,1.23,0.0,16860000000.0,2725000000.0,2257000000.0,1617000000.0,8008000000.0,2171000000.0,-1559000000.0,-450000000.0,4117000000.0,635000000.0,2685000000.0
NBL,2010-09-30,False,Q3,2010,10-Q,755000000.0,293000000.0,232000000.0,1.33,1.31,0.0,13089000000.0,2003000000.0,1417000000.0,1149000000.0,6737000000.0,1452000000.0,-1232000000.0,-85000000.0,,696000000.0,1326000000.0
NBL,2011-09-30,False,Q3,2011,10-Q,924000000.0,398000000.0,441000000.0,2.5,2.39,0.0,15833000000.0,2077000000.0,1958000000.0,1252000000.0,7582000000.0,1785000000.0,-2383000000.0,769000000.0,3862000000.0,696000000.0,1868000000.0
NBL,2012-06-30,False,Q2,2012,10-Q,966000000.0,138000000.0,292000000.0,1.64,1.58,0.0,16981000000.0,2218000000.0,2339000000.0,702000000.0,7805000000.0,1247000000.0,-1925000000.0,-75000000.0,4454000000.0,696000000.0,1900000000.0
NBL,2012-03-31,False,Q1,2012,10-Q,1165000000.0,501000000.0,263000000.0,1.48,1.47,0.22,17064000000.0,2392000000.0,2408000000.0,1143000000.0,7533000000.0,741000000.0,-1032000000.0,-21000000.0,4461000000.0,696000000.0,1018000000.0
NBL,2011-12-31,False,FY,2011,10-K,3763000000.0,740000000.0,453000000.0,2.57,2.54,0.8,16444000000.0,2418000000.0,2268000000.0,1455000000.0,7265000000.0,2170000000.0,-3113000000.0,1317000000.0,4469000000.0,696000000.0,2594000000.0
NBL,2010-03-31,False,Q1,2010,10-Q,733000000.0,218000000.0,237000000.0,1.36,1.34,0.0,12452000000.0,1597000000.0,1005000000.0,1031000000.0,6395000000.0,588000000.0,-849000000.0,278000000.0,,757000000.0,383000000.0
NBL,2013-03-31,False,Q1,2013,10-Q,1143000000.0,425000000.0,261000000.0,1.46,1.45,0.25,17710000000.0,2451000000.0,2374000000.0,1305000000.0,8514000000.0,705000000.0,-748000000.0,-39000000.0,4097000000.0,632000000.0,806000000.0
NBL,2010-06-30,False,Q2,2010,10-Q,751000000.0,230000000.0,204000000.0,1.17,1.1,0.0,13013000000.0,2187000000.0,1215000000.0,1017000000.0,6541000000.0,844000000.0,-1248000000.0,407000000.0,,757000000.0,782000000.0
NBL,2013-06-30,False,Q2,2013,10-Q,1149000000.0,361000000.0,377000000.0,1.05,1.04,0.0,17998000000.0,1911000000.0,2493000000.0,706000000.0,8875000000.0,1244000000.0,-1835000000.0,-90000000.0,4124000000.0,631000000.0,1929000000.0
NBL,2012-12-31,False,FY,2012,10-K,4223000000.0,1412000000.0,1027000000.0,5.77,5.71,0.91,17554000000.0,2771000000.0,2532000000.0,1387000000.0,8258000000.0,2933000000.0,-2527000000.0,-474000000.0,4108000000.0,635000000.0,0.0
NBL,2009-06-30,False,Q2,2009,10-Q,491000000.0,76000000.0,-57000000.0,-0.33,-0.33,0.18,11851000000.0,1737000000.0,890000000.0,956000000.0,6059000000.0,498000000.0,-777000000.0,95000000.0,,758000000.0,-777000000.0
NBL,2009-12-31,False,FY,2009,10-K,2313000000.0,-58000000.0,-131000000.0,-0.75,-0.75,0.0,11807000000.0,1678000000.0,990000000.0,1014000000.0,6157000000.0,1508000000.0,-1265000000.0,-369000000.0,,758000000.0,1268000000.0
NBL,2009-09-30,False,Q3,2009,10-Q,621000000.0,171000000.0,107000000.0,0.62,0.61,0.0,11635000000.0,1500000000.0,846000000.0,926000000.0,6158000000.0,986000000.0,-1012000000.0,-188000000.0,,758000000.0,-1012000000.0
NBL,2013-09-30,False,Q3,2013,10-Q,1394000000.0,523000000.0,205000000.0,0.57,0.56,0.0,18868000000.0,2239000000.0,2282000000.0,938000000.0,9064000000.0,2153000000.0,-2937000000.0,335000000.0,4603000000.0,631000000.0,3021000000.0
NBL,2014-03-31,False,Q1,2014,10-Q,1379000000.0,404000000.0,200000000.0,0.56,0.55,0.14,20192000000.0,2764000000.0,2199000000.0,1354000000.0,9361000000.0,929000000.0,-1078000000.0,386000000.0,5266000000.0,621000000.0,1158000000.0
NBL,2015-03-31,False,Q1,2015,10-Q,759000000.0,-134000000.0,-22000000.0,-0.06,-0.06,0.18,23261000000.0,3398000000.0,2143000000.0,1709000000.0,11357000000.0,541000000.0,-1036000000.0,1021000000.0,6178000000.0,617000000.0,1111000000.0
NBL,2014-06-30,False,Q2,2014,10-Q,1383000000.0,529000000.0,192000000.0,0.53,0.52,0.0,20575000000.0,2274000000.0,2235000000.0,958000000.0,9554000000.0,1757000000.0,-2215000000.0,299000000.0,5219000000.0,621000000.0,2321000000.0
NBL,2014-09-30,False,Q3,2014,10-Q,1269000000.0,230000000.0,419000000.0,1.16,1.12,0.0,21186000000.0,2270000000.0,2232000000.0,1169000000.0,9938000000.0,2703000000.0,-3175000000.0,524000000.0,5565000000.0,620000000.0,3585000000.0
NBL,2016-03-31,False,Q1,2016,10-Q,724000000.0,-422000000.0,-287000000.0,-0.67,-0.67,0.1,23413000000.0,2092000000.0,1606000000.0,953000000.0,10052000000.0,251000000.0,-264000000.0,-62000000.0,7936000000.0,,496000000.0
NBL,2016-06-30,False,Q2,2016,10-Q,847000000.0,-262000000.0,-315000000.0,-0.73,-0.73,0.0,22516000000.0,2189000000.0,1375000000.0,1300000000.0,9713000000.0,440000000.0,-51000000.0,-117000000.0,7924000000.0,,812000000.0
NBL,2017-03-31,False,Q1,2017,10-Q,1036000000.0,35000000.0,36000000.0,0.08,0.08,0.1,21008000000.0,1445000000.0,1493000000.0,787000000.0,9609000000.0,536000000.0,-863000000.0,-66000000.0,7061000000.0,,587000000.0
NBL,2015-12-31,False,FY,2015,10-K,3133000000.0,-2472000000.0,-2441000000.0,-6.07,-6.07,0.72,24196000000.0,2276000000.0,1805000000.0,1028000000.0,10370000000.0,2062000000.0,-2871000000.0,654000000.0,8029000000.0,0.0,-61000000.0
NBL,2013-12-31,False,FY,2013,10-K,5015000000.0,1656000000.0,978000000.0,2.72,2.69,0.55,19642000000.0,2611000000.0,2342000000.0,1117000000.0,9184000000.0,2937000000.0,-3675000000.0,468000000.0,4824000000.0,627000000.0,3947000000.0
NBL,2014-12-31,False,FY,2014,10-K,5101000000.0,918000000.0,1214000000.0,3.36,3.27,0.68,22553000000.0,3075000000.0,2522000000.0,1183000000.0,10325000000.0,3506000000.0,-4465000000.0,1025000000.0,6171000000.0,620000000.0,4871000000.0
NBL,2016-09-30,False,Q3,2016,10-Q,910000000.0,-250000000.0,-144000000.0,-0.33,-0.33,0.0,22469000000.0,2777000000.0,1528000000.0,1819000000.0,9845000000.0,1054000000.0,-386000000.0,123000000.0,7915000000.0,,1164000000.0
NBL,2016-12-31,False,FY,2016,10-K,3491000000.0,-1296000000.0,-998000000.0,-2.32,-2.32,0.4,21011000000.0,1955000000.0,1478000000.0,1180000000.0,9600000000.0,1351000000.0,-431000000.0,-768000000.0,7074000000.0,,1541000000.0
NBL,2015-09-30,False,Q3,2015,10-Q,801000000.0,-467000000.0,-283000000.0,-0.67,-0.67,0.0,25965000000.0,2530000000.0,2092000000.0,1028000000.0,12450000000.0,1486000000.0,-2393000000.0,752000000.0,8090000000.0,945000000.0,2519000000.0
NBL,2017-06-30,False,Q2,2017,10-Q,1059000000.0,-2300000000.0,-1512000000.0,-3.2,-3.2,0.0,21574000000.0,1577000000.0,1595000000.0,540000000.0,10098000000.0,877000000.0,-1091000000.0,-426000000.0,7197000000.0,1289000000.0,1215000000.0
NBL,2015-06-30,False,Q2,2015,10-Q,730000000.0,-161000000.0,-109000000.0,-0.28,-0.28,0.0,22685000000.0,2532000000.0,2056000000.0,1278000000.0,11209000000.0,966000000.0,-1812000000.0,941000000.0,6173000000.0,616000000.0,1898000000.0
NBL,2017-09-30,False,Q3,2017,10-Q,960000000.0,2000000.0,-136000000.0,-0.28,-0.28,0.0,21649000000.0,1542000000.0,1622000000.0,564000000.0,9943000000.0,1418000000.0,-1810000000.0,-224000000.0,6839000000.0,1295000000.0,1956000000.0
NBL,2017-12-31,False,FY,2017,10-K,4256000000.0,-1802000000.0,-1118000000.0,-2.38,-2.38,0.4,21476000000.0,2203000000.0,1739000000.0,675000000.0,10619000000.0,1951000000.0,-1606000000.0,-850000000.0,6807000000.0,1310000000.0,2649000000.0
