symbol,end_date,amend,period_focus,fiscal_year,doc_type,revenues,op_income,net_income,eps_basic,eps_diluted,dividend,assets,cur_assets,cur_liab,cash,equity,cash_flow_op,cash_flow_inv,cash_flow_fin,debt,goodwill,cap_ex
NCR,2012-03-31,False,Q1,2012,10-Q,1244000000.0,49000000.0,29000000.0,0.18,0.18,0.0,5690000000.0,2678000000.0,1673000000.0,414000000.0,878000000.0,89000000.0,-33000000.0,-27000000.0,827000000.0,918000000.0,13000000.0
NCR,2010-09-30,False,Q3,2010,10-Q,1207000000.0,34000000.0,83000000.0,0.52,0.51,0.0,4318000000.0,2486000000.0,1461000000.0,360000000.0,817000000.0,61000000.0,-143000000.0,-18000000.0,,101000000.0,135000000.0
NCR,2011-03-31,False,Q1,2011,10-Q,1095000000.0,6000000.0,13000000.0,0.08,0.08,0.0,4472000000.0,2568000000.0,1504000000.0,480000000.0,950000000.0,44000000.0,-37000000.0,-28000000.0,,116000000.0,25000000.0
NCR,2010-06-30,False,Q2,2010,10-Q,1177000000.0,31000000.0,31000000.0,0.19,0.19,0.0,4125000000.0,2349000000.0,1370000000.0,447000000.0,709000000.0,109000000.0,-104000000.0,-2000000.0,,99000000.0,80000000.0
NCR,2010-12-31,False,FY,2010,10-K,4819000000.0,99000000.0,134000000.0,0.84,0.83,0.0,4361000000.0,2478000000.0,1416000000.0,496000000.0,916000000.0,242000000.0,-211000000.0,-14000000.0,,115000000.0,174000000.0
NCR,2018-12-31,False,FY,2018,10-K,6405000000.0,191000000.0,-137000000.0,-1.16,-1.16,0.0,7761000000.0,3023000000.0,2282000000.0,464000000.0,399000000.0,572000000.0,-520000000.0,-58000000.0,3183000000.0,2692000000.0,143000000.0
NCR,2012-09-30,False,Q3,2012,10-Q,1435000000.0,89000000.0,57000000.0,0.36,0.35,0.0,6034000000.0,2956000000.0,1730000000.0,581000000.0,1022000000.0,-280000000.0,-157000000.0,609000000.0,1462000000.0,966000000.0,53000000.0
NCR,2011-12-31,False,FY,2011,10-K,5443000000.0,65000000.0,53000000.0,0.34,0.33,0.0,5591000000.0,2515000000.0,1565000000.0,398000000.0,834000000.0,375000000.0,-1246000000.0,802000000.0,852000000.0,913000000.0,101000000.0
NCR,2012-12-31,False,FY,2012,10-K,5730000000.0,232000000.0,146000000.0,0.92,0.89,0.0,6371000000.0,3406000000.0,1742000000.0,1069000000.0,1277000000.0,-180000000.0,-256000000.0,1131000000.0,1963000000.0,1003000000.0,80000000.0
NCR,2012-06-30,False,Q2,2012,10-Q,1409000000.0,101000000.0,80000000.0,0.5,0.49,0.0,5623000000.0,2612000000.0,1645000000.0,377000000.0,982000000.0,120000000.0,-77000000.0,-109000000.0,740000000.0,937000000.0,31000000.0
NCR,2013-06-30,False,Q2,2013,10-Q,1535000000.0,139000000.0,86000000.0,0.52,0.51,0.0,6706000000.0,3076000000.0,1838000000.0,460000000.0,1468000000.0,-11000000.0,-777000000.0,216000000.0,2164000000.0,1455000000.0,44000000.0
NCR,2013-09-30,False,Q3,2013,10-Q,1508000000.0,145000000.0,98000000.0,0.59,0.58,0.0,6878000000.0,3242000000.0,1753000000.0,460000000.0,1575000000.0,16000000.0,-836000000.0,276000000.0,2227000000.0,1472000000.0,80000000.0
NCR,2013-03-31,False,Q3,2013,10-Q,1410000000.0,85000000.0,61000000.0,0.37,0.36,0.0,6655000000.0,3013000000.0,1837000000.0,483000000.0,1374000000.0,21000000.0,-721000000.0,119000000.0,2091000000.0,1453000000.0,24000000.0
NCR,2011-09-30,False,Q3,2011,10-Q,1403000000.0,18000000.0,16000000.0,0.1,0.1,0.0,5680000000.0,2684000000.0,1636000000.0,341000000.0,1060000000.0,101000000.0,-1213000000.0,968000000.0,,918000000.0,83000000.0
NCR,2011-06-30,False,Q2,2011,10-Q,1312000000.0,47000000.0,33000000.0,0.21,0.21,0.0,4504000000.0,2575000000.0,1518000000.0,457000000.0,996000000.0,108000000.0,-94000000.0,-56000000.0,,115000000.0,67000000.0
NCR,2014-06-30,False,Q2,2014,10-Q,1658000000.0,169000000.0,90000000.0,0.54,0.53,0.0,8849000000.0,3390000000.0,1976000000.0,483000000.0,1954000000.0,111000000.0,-663000000.0,548000000.0,,2791000000.0,66000000.0
NCR,2014-03-31,False,Q1,2014,10-Q,1518000000.0,108000000.0,53000000.0,0.32,0.31,0.0,8828000000.0,3385000000.0,2008000000.0,515000000.0,1834000000.0,31000000.0,-598000000.0,576000000.0,,2789000000.0,32000000.0
NCR,2015-06-30,False,Q2,2015,10-Q,1604000000.0,-266000000.0,-344000000.0,-2.03,-2.03,0.0,8066000000.0,3040000000.0,1910000000.0,425000000.0,1598000000.0,246000000.0,-113000000.0,-183000000.0,,2758000000.0,31000000.0
NCR,2013-12-31,False,FY,2013,10-K,6123000000.0,666000000.0,443000000.0,2.68,2.62,0.0,8108000000.0,4339000000.0,1881000000.0,528000000.0,1783000000.0,281000000.0,-2105000000.0,1357000000.0,3354000000.0,1534000000.0,116000000.0
NCR,2014-09-30,False,Q3,2014,10-Q,1647000000.0,41000000.0,15000000.0,0.09,0.09,0.0,8610000000.0,3212000000.0,2008000000.0,424000000.0,1932000000.0,235000000.0,-726000000.0,370000000.0,,2773000000.0,88000000.0
NCR,2015-03-31,False,Q1,2015,10-Q,1476000000.0,95000000.0,40000000.0,0.24,0.23,0.0,8513000000.0,3102000000.0,2024000000.0,462000000.0,1906000000.0,79000000.0,-57000000.0,-45000000.0,,2754000000.0,13000000.0
NCR,2016-03-31,False,Q1,2016,10-Q,1444000000.0,101000000.0,21000000.0,0.16,0.16,0.0,7752000000.0,2705000000.0,1984000000.0,333000000.0,538000000.0,23000000.0,-48000000.0,42000000.0,3552000000.0,2742000000.0,9000000.0
NCR,2014-12-31,False,FY,2014,10-K,6591000000.0,353000000.0,191000000.0,1.14,1.12,0.0,8607000000.0,3088000000.0,2070000000.0,511000000.0,1883000000.0,524000000.0,-788000000.0,284000000.0,3659000000.0,2760000000.0,118000000.0
NCR,2017-03-31,False,Q1,2017,10-Q,1478000000.0,117000000.0,-17000000.0,-0.14,-0.14,0.0,7725000000.0,2780000000.0,2159000000.0,401000000.0,535000000.0,43000000.0,-53000000.0,-92000000.0,855000000.0,2732000000.0,11000000.0
NCR,2015-12-31,False,FY,2015,10-K,6373000000.0,135000000.0,-182000000.0,-1.09,-1.09,0.0,7635000000.0,2549000000.0,1781000000.0,328000000.0,726000000.0,681000000.0,-209000000.0,-583000000.0,3286000000.0,2733000000.0,79000000.0
NCR,2016-06-30,False,Q2,2016,10-Q,1620000000.0,163000000.0,63000000.0,0.51,0.49,0.0,7751000000.0,2753000000.0,2017000000.0,332000000.0,560000000.0,144000000.0,-59000000.0,-56000000.0,3489000000.0,2736000000.0,24000000.0
NCR,2015-09-30,False,Q3,2015,10-Q,1613000000.0,168000000.0,98000000.0,0.58,0.57,0.0,7887000000.0,2898000000.0,1835000000.0,303000000.0,1675000000.0,416000000.0,-164000000.0,-406000000.0,,2750000000.0,47000000.0
NCR,2017-06-30,False,Q2,2017,10-Q,1593000000.0,178000000.0,90000000.0,0.74,0.67,0.0,7767000000.0,2816000000.0,2113000000.0,377000000.0,647000000.0,138000000.0,-127000000.0,-139000000.0,844000000.0,2736000000.0,43000000.0
NCR,2017-09-30,False,Q3,2017,10-Q,1663000000.0,200000000.0,106000000.0,0.87,0.77,0.0,7850000000.0,2900000000.0,2046000000.0,405000000.0,774000000.0,271000000.0,-200000000.0,-166000000.0,832000000.0,2741000000.0,81000000.0
NCR,2018-03-31,False,Q1,2018,10-Q,1517000000.0,109000000.0,8000000.0,0.07,0.06,0.0,7641000000.0,2791000000.0,1844000000.0,348000000.0,602000000.0,-24000000.0,-74000000.0,-91000000.0,776000000.0,2746000000.0,29000000.0
NCR,2017-12-31,False,FY,2017,10-K,6516000000.0,676000000.0,123000000.0,1.01,0.97,0.0,7654000000.0,2830000000.0,1889000000.0,537000000.0,722000000.0,755000000.0,-290000000.0,-434000000.0,3014000000.0,2741000000.0,128000000.0
NCR,2018-06-30,False,Q2,2018,10-Q,1537000000.0,-106000000.0,-157000000.0,-1.33,-1.33,0.0,7364000000.0,2739000000.0,1879000000.0,343000000.0,374000000.0,95000000.0,-159000000.0,-110000000.0,776000000.0,2590000000.0,70000000.0
NCR,2018-09-30,False,Q3,2018,10-Q,3500000000.0,125000000.0,72000000.0,0.61,0.56,0.0,7505000000.0,2855000000.0,2004000000.0,334000000.0,448000000.0,163000000.0,-235000000.0,-93000000.0,760000000.0,2589000000.0,104000000.0
NCR,2016-12-31,False,FY,2016,10-K,6543000000.0,599000000.0,221000000.0,1.76,1.71,0.0,7673000000.0,2757000000.0,1965000000.0,498000000.0,699000000.0,894000000.0,-189000000.0,-467000000.0,3080000000.0,2727000000.0,73000000.0
NCR,2016-09-30,False,Q3,2016,10-Q,1677000000.0,189000000.0,92000000.0,0.74,0.68,0.0,7711000000.0,2751000000.0,2002000000.0,318000000.0,675000000.0,369000000.0,-121000000.0,-223000000.0,3320000000.0,2737000000.0,45000000.0
