symbol,end_date,amend,period_focus,fiscal_year,doc_type,revenues,op_income,net_income,eps_basic,eps_diluted,dividend,assets,cur_assets,cur_liab,cash,equity,cash_flow_op,cash_flow_inv,cash_flow_fin,debt,goodwill,cap_ex
NCS,2012-04-29,False,Q2,2012,10-Q,250231000.0,4944000.0,-16281000.0,-0.86,-0.86,0.0,562661000.0,312904000.0,173208000.0,73856000.0,-46797000.0,9989000.0,-13862000.0,-1326000.0,,5200000.0,13899000.0
NCS,2012-01-29,False,Q1,2012,10-Q,243603000.0,4285000.0,-10039000.0,-0.54,-0.54,0.0,544615000.0,296630000.0,157019000.0,66706000.0,-40794000.0,-4205000.0,-5745000.0,-2321000.0,,5200000.0,5770000.0
NCS,2011-07-31,False,Q3,2011,10-Q,262138000.0,6569000.0,-13077000.0,-0.71,-0.71,0.0,559945000.0,308508000.0,176460000.0,49675000.0,-31207000.0,5447000.0,-14153000.0,-18975000.0,,5200000.0,14735000.0
NCS,2013-04-28,False,Q2,2013,10-Q,293399000.0,-1945000.0,-5342000.0,-0.28,-0.28,0.0,724568000.0,321037000.0,204398000.0,27538000.0,-373402000.0,-4423000.0,-12715000.0,-10437000.0,238375000.0,76856000.0,12715000.0
NCS,2012-07-29,False,Q3,2012,10-Q,298488000.0,7034000.0,-52070000.0,-2.74,-2.74,0.0,720930000.0,309651000.0,199324000.0,32318000.0,-378841000.0,20245000.0,-163224000.0,96240000.0,249373000.0,73909000.0,22288000.0
NCS,2011-10-30,False,FY,2011,10-K,959577000.0,-1627000.0,-47466000.0,-2.58,-2.58,0.0,561154000.0,311611000.0,174043000.0,78982000.0,-35690000.0,41437000.0,-20457000.0,-19397000.0,,5200000.0,21040000.0
NCS,2014-02-02,False,Q1,2014,10-Q,310666000.0,-3168000.0,-4258000.0,-0.06,-0.06,0.0,709646000.0,324518000.0,206289000.0,16599000.0,229672000.0,-33975000.0,-3748000.0,-22849000.0,237175000.0,75226000.0,4735000.0
NCS,2013-01-27,False,Q1,2013,10-Q,297584000.0,398000.0,-3627000.0,-0.19,-0.19,0.0,706723000.0,300535000.0,183434000.0,25827000.0,-371468000.0,-13172000.0,-6071000.0,-10064000.0,228715000.0,76856000.0,6071000.0
NCS,2013-07-28,False,Q3,2013,10-Q,317201000.0,4277000.0,-12192000.0,-0.19,-0.19,0.0,730316000.0,338445000.0,204138000.0,16149000.0,237729000.0,-9143000.0,-17545000.0,-12244000.0,238375000.0,75226000.0,17545000.0
NCS,2012-10-28,False,FY,2012,10-K,1154010000.0,31689000.0,-72120000.0,-3.81,-3.81,0.0,751484000.0,341835000.0,220058000.0,55158000.0,-370528000.0,47722000.0,-166150000.0,94550000.0,248750000.0,76746000.0,28151000.0
NCS,2013-11-03,False,FY,2013,10-K,1308395000.0,19188000.0,-12885000.0,-0.29,-0.29,0.0,780263000.0,390828000.0,251614000.0,77436000.0,252758000.0,64142000.0,-23329000.0,-18398000.0,237775000.0,75226000.0,24426000.0
NCS,2014-11-02,False,FY,2014,10-K,1370540000.0,25096000.0,11085000.0,0.15,0.15,0.0,758683000.0,390530000.0,245711000.0,66651000.0,246542000.0,33566000.0,-16695000.0,-27289000.0,235387000.0,75226000.0,18020000.0
NCS,2014-05-04,False,Q2,2014,10-Q,305800000.0,-5513000.0,-4905000.0,-0.07,-0.07,0.0,703680000.0,324740000.0,203665000.0,12468000.0,226128000.0,-30508000.0,-8693000.0,-25546000.0,236579000.0,75226000.0,10004000.0
NCS,2014-08-03,False,Q3,2014,10-Q,361626000.0,12202000.0,6039000.0,0.08,0.08,0.0,737530000.0,363322000.0,229715000.0,27664000.0,234356000.0,-10054000.0,-13218000.0,-26273000.0,235983000.0,75226000.0,14529000.0
NCS,2016-05-01,False,Q2,2016,10-Q,372247000.0,10594000.0,2420000.0,0.03,0.03,0.0,1016742000.0,440454000.0,272571000.0,77916000.0,275506000.0,20013000.0,-9960000.0,-31950000.0,250000000.0,158106000.0,10280000.0
NCS,2015-05-03,False,Q2,2015,10-Q,360147000.0,-3617000.0,-7488000.0,-0.1,-0.1,0.0,1013724000.0,402360000.0,264213000.0,25276000.0,243067000.0,-3301000.0,-256404000.0,218664000.0,250000000.0,198169000.0,9307000.0
NCS,2015-02-01,False,Q1,2015,10-Q,322926000.0,4571000.0,-320000.0,-0.0,-0.0,0.0,1046255000.0,427931000.0,270309000.0,50716000.0,248122000.0,-2211000.0,-252125000.0,238999000.0,250000000.0,195070000.0,5002000.0
NCS,2016-01-31,False,Q1,2016,10-Q,370014000.0,15259000.0,5892000.0,0.08,0.08,0.0,1016842000.0,433459000.0,262861000.0,73849000.0,275221000.0,-4200000.0,-5777000.0,-15495000.0,250000000.0,158106000.0,5772000.0
NCS,2015-08-02,False,Q3,2015,10-Q,420789000.0,19378000.0,7220000.0,0.1,0.1,0.0,1045195000.0,447019000.0,293918000.0,48277000.0,251012000.0,38591000.0,-262425000.0,206226000.0,250000000.0,193569000.0,15330000.0
NCS,2016-07-31,False,Q3,2016,10-Q,462353000.0,43535000.0,23715000.0,0.32,0.32,0.0,1051819000.0,490054000.0,323708000.0,50710000.0,268569000.0,40599000.0,-14004000.0,-75497000.0,250000000.0,158106000.0,15140000.0
NCS,2015-11-01,False,FY,2015,10-K,1563693000.0,56831000.0,17646000.0,0.24,0.24,0.0,1079729000.0,496347000.0,321624000.0,99662000.0,271976000.0,105040000.0,-267778000.0,196004000.0,444147000.0,158026000.0,20683000.0
NCS,2017-04-30,False,Q2,2017,10-Q,420464000.0,32472000.0,16859000.0,0.24,0.24,0.0,1023813000.0,490909000.0,288165000.0,49682000.0,302874000.0,6374000.0,-8603000.0,-13429000.0,144100000.0,154291000.0,11556000.0
NCS,2017-01-29,False,Q1,2017,10-Q,391703000.0,9886000.0,2031000.0,0.03,0.03,0.0,979410000.0,440153000.0,261435000.0,15789000.0,283096000.0,-31878000.0,-4120000.0,-13702000.0,250000000.0,154291000.0,4120000.0
NCS,2018-04-29,False,Q2,2018,10-Q,457069000.0,18956000.0,-5684000.0,-0.09,-0.09,0.0,1006607000.0,496698000.0,315264000.0,35335000.0,262324000.0,39986000.0,-18634000.0,-51651000.0,408957000.0,148291000.0,16897000.0
NCS,2018-01-28,False,Q1,2018,10-Q,421349000.0,12898000.0,5211000.0,0.08,0.08,0.0,945994000.0,434600000.0,271303000.0,12420000.0,266305000.0,-6580000.0,-5860000.0,-41035000.0,397625000.0,148291000.0,8109000.0
NCS,2016-10-30,False,FY,2016,10-K,1684928000.0,108779000.0,50638000.0,0.7,0.7,0.0,1058296000.0,504856000.0,326534000.0,65403000.0,281317000.0,68768000.0,-9950000.0,-92752000.0,404147000.0,154271000.0,21024000.0
NCS,2017-10-29,False,FY,2017,10-K,1770278000.0,109780000.0,54399000.0,0.77,0.77,0.0,1051173000.0,533631000.0,316048000.0,65658000.0,305247000.0,62359000.0,-10284000.0,-52014000.0,394147000.0,148291000.0,22074000.0
NCS,2018-07-29,False,Q3,2018,10-Q,548525000.0,54501000.0,35765000.0,0.54,0.54,0.0,1081694000.0,565566000.0,358915000.0,43322000.0,299086000.0,56908000.0,-25214000.0,-53938000.0,407992000.0,148291000.0,34867000.0
NCS,2018-10-28,False,FY,2018,10-K,2000577000.0,125920000.0,62694000.0,0.95,0.94,0.0,1110375000.0,590735000.0,335699000.0,54272000.0,330265000.0,82463000.0,-38174000.0,-55582000.0,407226000.0,148291000.0,47827000.0
NCS,2017-07-30,False,Q3,2017,10-Q,469385000.0,34097000.0,18119000.0,0.26,0.25,0.0,1044862000.0,519056000.0,289751000.0,45923000.0,323775000.0,-918000.0,-4503000.0,-14392000.0,250000000.0,154291000.0,15629000.0
