symbol,end_date,amend,period_focus,fiscal_year,doc_type,revenues,op_income,net_income,eps_basic,eps_diluted,dividend,assets,cur_assets,cur_liab,cash,equity,cash_flow_op,cash_flow_inv,cash_flow_fin,debt,goodwill,cap_ex
NGS,2012-09-30,False,Q3,2012,10-Q,19290000.0,4242000.0,2606000.0,0.21,0.21,0.0,230128000.0,61955000.0,14413000.0,30924000.0,171896000.0,31546000.0,-17074000.0,62000.0,,10039000.0,17074000.0
NGS,2012-06-30,False,Q2,2012,10-Q,24508000.0,4829000.0,3000000.0,0.25,0.24,0.0,223833000.0,62438000.0,12804000.0,30472000.0,168826000.0,20354000.0,-6319000.0,47000.0,,10039000.0,6319000.0
NGS,2012-03-31,False,Q1,2012,10-Q,26376000.0,5622000.0,3508000.0,0.29,0.29,0.0,220432000.0,59771000.0,14605000.0,29438000.0,165374000.0,14841000.0,-1787000.0,-6000.0,,10039000.0,1787000.0
NGS,2011-06-30,False,Q2,2011,10-Q,13758000.0,3222000.0,2008000.0,0.16,0.16,0.0,197982000.0,45084000.0,9315000.0,16861000.0,155745000.0,16027000.0,-18501000.0,198000.0,,10039000.0,19481000.0
NGS,2011-12-31,False,FY,2011,10-K,65158000.0,14860000.0,9760000.0,0.8,0.8,0.0,212164000.0,49503000.0,12312000.0,16390000.0,161542000.0,33623000.0,-35506000.0,-864000.0,,10039000.0,36525000.0
NGS,2011-09-30,False,Q3,2011,10-Q,17701000.0,3643000.0,2231000.0,0.18,0.18,0.0,202680000.0,44973000.0,10106000.0,16461000.0,158336000.0,24064000.0,-26855000.0,115000.0,,10039000.0,27835000.0
NGS,2012-12-31,False,FY,2012,10-K,93722000.0,20215000.0,12685000.0,1.04,1.03,0.0,232751000.0,62036000.0,11786000.0,28086000.0,175825000.0,35418000.0,-23761000.0,39000.0,,10039000.0,23766000.0
NGS,2013-06-30,False,Q2,2013,10-Q,20258000.0,5844000.0,3844000.0,0.31,0.31,0.0,244394000.0,63923000.0,10894000.0,29330000.0,184630000.0,19419000.0,-18429000.0,254000.0,,10039000.0,18429000.0
NGS,2013-09-30,False,Q3,2013,10-Q,21865000.0,5088000.0,3394000.0,0.28,0.27,0.0,249900000.0,63336000.0,10636000.0,27727000.0,188834000.0,28397000.0,-29175000.0,419000.0,,10039000.0,29175000.0
NGS,2014-03-31,False,Q1,2014,10-Q,22322000.0,4362000.0,2856000.0,0.23,0.23,0.0,258367000.0,54020000.0,10256000.0,20607000.0,196419000.0,9615000.0,-13439000.0,-12000.0,,10039000.0,13439000.0
NGS,2013-03-31,False,Q1,2013,10-Q,23983000.0,6137000.0,3994000.0,0.33,0.32,0.0,236071000.0,61880000.0,8781000.0,31281000.0,179982000.0,10935000.0,-7713000.0,-27000.0,,10039000.0,7713000.0
NGS,2014-06-30,False,Q2,2014,10-Q,21952000.0,5085000.0,3385000.0,0.27,0.27,0.0,267818000.0,53709000.0,15128000.0,14439000.0,200964000.0,18231000.0,-28422000.0,187000.0,,10039000.0,28462000.0
NGS,2013-12-31,False,FY,2013,10-K,89248000.0,22020000.0,14390000.0,1.17,1.15,0.0,256589000.0,60645000.0,12191000.0,24443000.0,192737000.0,39244000.0,-43324000.0,437000.0,,10039000.0,43419000.0
NGS,2014-12-31,False,FY,2014,10-K,96974000.0,21986000.0,14128000.0,1.14,1.11,0.0,283563000.0,55927000.0,14100000.0,6181000.0,210587000.0,34564000.0,-53102000.0,276000.0,,10039000.0,53342000.0
NGS,2015-09-30,False,Q3,2015,10-Q,21193000.0,3798000.0,2562000.0,0.2,0.2,0.0,287682000.0,69949000.0,11726000.0,29978000.0,219729000.0,34820000.0,-11050000.0,27000.0,,10039000.0,11163000.0
NGS,2014-09-30,False,Q3,2014,10-Q,25599000.0,5840000.0,3883000.0,0.31,0.3,0.0,278208000.0,51779000.0,21032000.0,5073000.0,205774000.0,26497000.0,-46149000.0,282000.0,,10039000.0,46388000.0
NGS,2015-06-30,False,Q2,2015,10-Q,24230000.0,919000.0,614000.0,0.05,0.05,0.0,281997000.0,60532000.0,8895000.0,21532000.0,216117000.0,25318000.0,-9481000.0,-486000.0,,10039000.0,9563000.0
NGS,2015-03-31,False,Q1,2015,10-Q,24741000.0,5787000.0,3694000.0,0.3,0.29,0.0,281720000.0,51160000.0,7696000.0,8620000.0,214564000.0,11625000.0,-8668000.0,-518000.0,,10039000.0,8712000.0
NGS,2017-03-31,False,Q1,2017,10-Q,18902000.0,343000.0,252000.0,0.02,0.02,0.0,292441000.0,103475000.0,4827000.0,74370000.0,234763000.0,10785000.0,-530000.0,21000.0,,10039000.0,464000.0
NGS,2017-06-30,False,Q2,2017,10-Q,16218000.0,414000.0,375000.0,0.03,0.03,0.0,292774000.0,108505000.0,4948000.0,73038000.0,235870000.0,10212000.0,-1134000.0,-134000.0,417000.0,10039000.0,654000.0
NGS,2016-12-31,False,FY,2016,10-K,71654000.0,8430000.0,6469000.0,0.51,0.5,0.0,293524000.0,99759000.0,6500000.0,64094000.0,232954000.0,32771000.0,-4400000.0,191000.0,,10039000.0,4307000.0
NGS,2015-12-31,False,FY,2015,10-K,95919000.0,15147000.0,10147000.0,0.81,0.79,0.0,285553000.0,73204000.0,4568000.0,35532000.0,223981000.0,41611000.0,-12315000.0,55000.0,,10039000.0,12504000.0
NGS,2016-09-30,False,Q3,2016,10-Q,16181000.0,1823000.0,1509000.0,0.12,0.12,0.0,291624000.0,92355000.0,5647000.0,61157000.0,230604000.0,29510000.0,-3452000.0,-433000.0,,10039000.0,3359000.0
NGS,2016-06-30,False,Q2,2016,10-Q,17194000.0,1873000.0,1259000.0,0.1,0.1,0.0,288264000.0,84267000.0,3424000.0,52166000.0,228503000.0,19802000.0,-2698000.0,-470000.0,,10039000.0,2618000.0
NGS,2017-09-30,False,Q3,2017,10-Q,15913000.0,593000.0,522000.0,0.04,0.04,0.0,294986000.0,111932000.0,5970000.0,72924000.0,237207000.0,14154000.0,-5184000.0,-140000.0,417000.0,10039000.0,4662000.0
NGS,2016-03-31,False,Q1,2016,10-Q,21576000.0,3767000.0,2541000.0,0.2,0.2,0.0,288365000.0,79690000.0,4550000.0,43055000.0,226628000.0,10033000.0,-1965000.0,-545000.0,,10039000.0,1942000.0
NGS,2018-03-31,False,Q1,2018,10-Q,14718000.0,350000.0,225000.0,0.02,0.02,0.0,296360000.0,102378000.0,5023000.0,65138000.0,257634000.0,5128000.0,-8851000.0,-347000.0,417000.0,10039000.0,8712000.0
NGS,2017-12-31,False,FY,2017,10-K,67693000.0,1567000.0,19851000.0,1.55,1.51,0.0,298310000.0,108226000.0,7453000.0,69208000.0,257319000.0,17452000.0,-12791000.0,453000.0,,10039000.0,13489000.0
