symbol,end_date,amend,period_focus,fiscal_year,doc_type,revenues,op_income,net_income,eps_basic,eps_diluted,dividend,assets,cur_assets,cur_liab,cash,equity,cash_flow_op,cash_flow_inv,cash_flow_fin,debt,goodwill,cap_ex
NGVC,2014-03-31,False,Q2,2014,10-Q,130343000.0,7117000.0,3999000.0,0.18,0.18,0.0,175464000.0,65262000.0,45004000.0,7814000.0,92178000.0,15648000.0,-16308000.0,342000.0,19755000.0,900000.0,17853000.0
NGVC,2018-12-31,False,Q1,2019,10-Q,221515000.0,4036000.0,2197000.0,0.1,0.1,0.0,310132000.0,107325000.0,76816000.0,4536000.0,149168000.0,7527000.0,-11560000.0,-829000.0,12700000.0,5198000.0,11511000.0
NGVC,2013-12-31,False,Q1,2014,10-Q,120580000.0,5430000.0,2922000.0,0.13,0.13,0.0,163608000.0,59708000.0,38293000.0,6222000.0,87593000.0,5310000.0,-7184000.0,-36000.0,19800000.0,900000.0,7684000.0
NGVC,2013-06-30,False,Q3,2013,10-Q,113164186.0,5209521.0,2885892.0,0.13,0.13,0.0,147655372.0,54678057.0,35479025.0,5651928.0,81562686.0,15144834.0,-26355411.0,-428443.0,11158984.0,511029.0,25862698.0
NGVC,2014-06-30,False,Q3,2014,10-Q,134036000.0,6085000.0,3364000.0,0.15,0.15,0.0,181031000.0,66084000.0,47259000.0,6634000.0,95692000.0,22982000.0,-24787000.0,307000.0,0.0,900000.0,26427000.0
NGVC,2014-12-31,False,Q1,2015,10-Q,145887000.0,6441000.0,3564000.0,0.16,0.16,0.0,200479000.0,67008000.0,54617000.0,1855000.0,102577000.0,6906000.0,-13169000.0,3005000.0,3100000.0,5338000.0,7572000.0
NGVC,2015-06-30,False,Q3,2015,10-Q,158650000.0,7234000.0,4345000.0,0.19,0.19,0.0,223203000.0,77743000.0,62067000.0,3234000.0,112530000.0,29221000.0,-30395000.0,-705000.0,0.0,5198000.0,24806000.0
NGVC,2015-03-31,False,Q2,2015,10-Q,157744000.0,9383000.0,5403000.0,0.24,0.24,0.0,211757000.0,76156000.0,61122000.0,7236000.0,108078000.0,24329000.0,-21554000.0,-652000.0,0.0,5198000.0,15957000.0
NGVC,2015-12-31,False,Q1,2016,10-Q,167786000.0,6694000.0,3748000.0,0.17,0.17,0.0,242216000.0,85537000.0,69755000.0,2142000.0,119461000.0,9493000.0,-10168000.0,-98000.0,0.0,5615000.0,10180000.0
NGVC,2015-09-30,False,FY,2015,10-K,624678000.0,28629000.0,16204000.0,0.72,0.72,0.0,233924000.0,82283000.0,69878000.0,2915000.0,115488000.0,41003000.0,-42338000.0,-863000.0,4538000.0,5198000.0,36750000.0
NGVC,2014-09-30,False,FY,2014,10-K,520674000.0,24248000.0,13473000.0,0.6,0.6,0.0,188985000.0,67113000.0,49886000.0,5113000.0,98854000.0,31749000.0,-34872000.0,104000.0,4672000.0,511000.0,36512000.0
NGVC,2012-12-31,False,Q1,2013,10-Q,95831348.0,3789151.0,2221400.0,0.1,0.1,0.0,133367484.0,53212175.0,29775960.0,10270427.0,75178046.0,2340307.0,-9004914.0,-355914.0,8572526.0,511029.0,8824547.0
NGVC,2016-03-31,False,Q2,2016,10-Q,177395000.0,6449000.0,3577000.0,0.16,0.16,0.0,258488000.0,93111000.0,70277000.0,5600000.0,123239000.0,18011000.0,-23652000.0,8326000.0,8600000.0,5607000.0,23664000.0
NGVC,2016-06-30,False,Q3,2016,10-Q,179274000.0,4015000.0,2680000.0,0.12,0.12,0.0,273613000.0,95011000.0,69778000.0,2703000.0,125977000.0,20732000.0,-39290000.0,18346000.0,18800000.0,5599000.0,39302000.0
NGVC,2016-12-31,False,Q1,2017,10-Q,183577000.0,4166000.0,2061000.0,0.09,0.09,0.0,288281000.0,99493000.0,70599000.0,7142000.0,128988000.0,14094000.0,-10493000.0,-476000.0,27100000.0,5595000.0,13057000.0
NGVC,2013-09-30,False,FY,2013,10-K,430655000.0,19088000.0,10552000.0,0.47,0.47,0.0,159903000.0,59865000.0,38398000.0,8132000.0,84533000.0,25717000.0,-34624000.0,-252000.0,13746000.0,511000.0,39708000.0
NGVC,2013-03-31,False,Q2,2013,10-Q,106484819.0,5516010.0,3217198.0,0.14,0.14,0.0,144531233.0,57737904.0,36191845.0,9497330.0,78633713.0,10693363.0,-18251368.0,-235613.0,11170538.0,511029.0,17667475.0
NGVC,2016-09-30,False,FY,2016,10-K,705499000.0,20379000.0,11471000.0,0.51,0.51,0.0,282246000.0,97327000.0,66541000.0,4017000.0,126725000.0,28827000.0,-53740000.0,26015000.0,5213000.0,5198000.0,53759000.0
NGVC,2017-03-31,False,Q2,2017,10-Q,192203000.0,5515000.0,2996000.0,0.13,0.13,0.0,295954000.0,101659000.0,75060000.0,4234000.0,132150000.0,22444000.0,-21034000.0,-1193000.0,26500000.0,5594000.0,23598000.0
NGVC,2017-06-30,False,Q3,2017,10-Q,194709000.0,1678000.0,598000.0,0.03,0.03,0.0,297793000.0,103498000.0,74080000.0,5123000.0,132701000.0,35857000.0,-34163000.0,-588000.0,27500000.0,5653000.0,36748000.0
NGVC,2017-12-31,False,Q1,2018,10-Q,202480000.0,2193000.0,5181000.0,0.23,0.23,0.0,299339000.0,106749000.0,69944000.0,8089000.0,138640000.0,10969000.0,-4884000.0,-4517000.0,24600000.0,5673000.0,4925000.0
NGVC,2018-03-31,False,Q2,2018,10-Q,215911000.0,5646000.0,3404000.0,0.15,0.15,0.0,304873000.0,113425000.0,76637000.0,8071000.0,142239000.0,21738000.0,-10525000.0,-9663000.0,19600000.0,5667000.0,10559000.0
NGVC,2017-09-30,False,FY,2017,10-K,769030000.0,14098000.0,6891000.0,0.31,0.31,0.0,299991000.0,108215000.0,71561000.0,6521000.0,133883000.0,40849000.0,-38499000.0,154000.0,4999000.0,5198000.0,41231000.0
NGVC,2018-06-30,False,Q3,2018,10-Q,213130000.0,3758000.0,1991000.0,0.09,0.09,0.0,307609000.0,112574000.0,76540000.0,7204000.0,144414000.0,30306000.0,-16515000.0,-13108000.0,16300000.0,5659000.0,16673000.0
NGVC,2018-09-30,False,FY,2018,10-K,849042000.0,15053000.0,12661000.0,0.57,0.56,0.0,307083000.0,110954000.0,79691000.0,9398000.0,146726000.0,42863000.0,-23543000.0,-16443000.0,4762000.0,5198000.0,23717000.0
