symbol,end_date,amend,period_focus,fiscal_year,doc_type,revenues,op_income,net_income,eps_basic,eps_diluted,dividend,assets,cur_assets,cur_liab,cash,equity,cash_flow_op,cash_flow_inv,cash_flow_fin,debt,goodwill,cap_ex
NI,2011-03-31,False,Q1,2011,10-Q,2232200000.0,399200000.0,205200000.0,0.73,0.72,0.46,19478800000.0,1985200000.0,3096100000.0,62500000.0,5014300000.0,422100000.0,-175100000.0,-193700000.0,,3677300000.0,209400000.0
NI,2010-12-31,False,FY,2010,10-K,6422000000.0,921300000.0,292000000.0,1.05,1.04,0.92,19938800000.0,2448900000.0,3649400000.0,9200000.0,4923200000.0,725400000.0,-943300000.0,210700000.0,5350500000.0,3677300000.0,803800000.0
NIX,2018-12-31,False,FY,2018,10-K,531500000.0,124700000.0,-65600000.0,-0.18,-0.18,0.78,21804000000.0,2055400000.0,4036800000.0,112800000.0,5750900000.0,540100000.0,-1926100000.0,1468700000.0,0.0,1690700000.0,1818200000.0
NI,2011-06-30,False,Q2,2011,10-Q,1228300000.0,163300000.0,38900000.0,0.14,0.14,0.23,19346300000.0,1745100000.0,2558100000.0,59900000.0,5003400000.0,736000000.0,-423400000.0,-261900000.0,7200000000.0,3677300000.0,445000000.0
NI,2010-06-30,False,Q2,2010,10-Q,1171100000.0,139200000.0,28100000.0,0.1,0.1,0.23,19048100000.0,1893400000.0,2717400000.0,7400000.0,4894900000.0,402500000.0,-393900000.0,-17600000.0,,3677300000.0,336900000.0
NI,2010-09-30,False,Q3,2010,10-Q,1138100000.0,123300000.0,33200000.0,0.12,0.12,0.23,19525400000.0,2195500000.0,3251200000.0,10900000.0,4877900000.0,332500000.0,-761100000.0,423100000.0,,3677300000.0,553700000.0
NI,2011-09-30,False,Q3,2011,10-Q,1068700000.0,147500000.0,34700000.0,0.12,0.12,0.23,19742100000.0,1860500000.0,2887200000.0,22200000.0,4990000000.0,794100000.0,-801900000.0,20800000.0,6300000000.0,3677300000.0,774200000.0
NI,2011-12-31,False,FY,2011,10-K,6019100000.0,905100000.0,299100000.0,1.06,1.03,0.92,20708300000.0,2248200000.0,3646400000.0,11500000.0,4997300000.0,870200000.0,-1149300000.0,281400000.0,6600000000.0,3677300000.0,1125200000.0
NI,2012-06-30,False,FY,2012,10-Q,1048700000.0,208600000.0,69400000.0,0.25,0.23,0.24,20409400000.0,1751600000.0,2662300000.0,52800000.0,5105300000.0,771800000.0,-568900000.0,-161600000.0,7300000.0,3677300000.0,619500000.0
NI,2012-03-31,False,Q1,2012,10-Q,1658700000.0,399400000.0,193400000.0,0.68,0.66,0.46,20445900000.0,1970300000.0,3718400000.0,38500000.0,5080500000.0,480000000.0,-294700000.0,-158300000.0,,3677300000.0,292600000.0
NI,2012-09-30,False,Q3,2012,10-Q,973500000.0,137200000.0,19300000.0,0.06,0.06,0.24,20838600000.0,1838700000.0,2727100000.0,12300000.0,5410800000.0,941800000.0,-951300000.0,10300000.0,7400000000.0,3677300000.0,1024300000.0
NI,2013-09-30,False,Q3,2013,10-Q,1076800000.0,176400000.0,48100000.0,0.16,0.16,0.25,22084100000.0,1745500000.0,3005600000.0,14900000.0,5700900000.0,1078600000.0,-1251300000.0,151300000.0,7200000000.0,3666200000.0,1297300000.0
NI,2013-03-31,False,Q1,2013,10-Q,1794300000.0,428100000.0,260500000.0,0.84,0.83,0.48,21636400000.0,2031800000.0,2974400000.0,101400000.0,5690700000.0,449100000.0,-246100000.0,-137900000.0,6700000000.0,3666200000.0,369300000.0
NI,2013-06-30,False,Q2,2013,10-Q,1212300000.0,193500000.0,71700000.0,0.23,0.23,0.25,21621600000.0,1707600000.0,2068000000.0,44500000.0,5702700000.0,894500000.0,-718100000.0,-168200000.0,7400000000.0,3666200000.0,801700000.0
NI,2014-06-30,False,Q2,2014,10-Q,1335100000.0,219600000.0,78200000.0,0.25,0.25,0.26,23257800000.0,2054500000.0,3431400000.0,18000000.0,6028300000.0,651000000.0,-897600000.0,237800000.0,14300000.0,3666200000.0,852900000.0
NI,2014-03-31,False,Q1,2014,10-Q,2320500000.0,533700000.0,266200000.0,0.85,0.85,0.5,23107300000.0,2320100000.0,3340800000.0,38000000.0,6012100000.0,394000000.0,-407900000.0,25100000.0,,3666200000.0,386300000.0
NI,2015-06-30,False,Q2,2015,10-Q,1169000000.0,165100000.0,-36400000.0,-0.11,-0.11,0.0,25606900000.0,2335700000.0,2524300000.0,496600000.0,7455900000.0,1115600000.0,-993800000.0,349400000.0,20000000.0,3666200000.0,991100000.0
NI,2015-03-31,False,Q1,2015,10-Q,2149700000.0,530100000.0,268400000.0,0.85,0.85,0.52,24898900000.0,2261000000.0,2758400000.0,42000000.0,7469700000.0,604300000.0,-388900000.0,-198800000.0,0.0,3666200000.0,407500000.0
NI,2012-12-31,False,FY,2012,10-K,5061200000.0,1042700000.0,416100000.0,1.43,1.39,0.94,21844700000.0,2352400000.0,3301600000.0,36300000.0,5554300000.0,1275500000.0,-1425200000.0,174500000.0,7100000000.0,3677300000.0,1498800000.0
NI,2015-09-30,False,Q3,2015,10-Q,817200000.0,109700000.0,-4900000.0,-0.02,-0.02,0.31,17055900000.0,1637800000.0,2073300000.0,31700000.0,3800300000.0,1193900000.0,2406200000.0,-3593800000.0,0.0,1690700000.0,923400000.0
NI,2014-09-30,False,Q3,2014,10-Q,1123900000.0,157800000.0,31400000.0,0.1,0.1,0.26,23710100000.0,2011600000.0,3048500000.0,17700000.0,6007300000.0,886500000.0,-1512200000.0,616600000.0,15000000.0,3666200000.0,1441700000.0
NI,2013-12-31,False,FY,2013,10-K,5657300000.0,1143400000.0,532100000.0,1.7,1.7,0.98,22653900000.0,2159200000.0,3178400000.0,26800000.0,5886600000.0,1436800000.0,-1891400000.0,445100000.0,8189000000.0,3666200000.0,1879900000.0
NI,2014-12-31,False,FY,2014,10-K,6470600000.0,1262400000.0,530000000.0,1.68,1.67,1.02,24866300000.0,2466500000.0,3954900000.0,25400000.0,6175300000.0,1319600000.0,-2116600000.0,795600000.0,8472400000.0,3666200000.0,2028500000.0
NI,2017-06-30,False,Q2,2017,10-Q,990700000.0,124500000.0,-44400000.0,-0.14,-0.14,0.175,18822700000.0,1280800000.0,2778300000.0,17900000.0,4122800000.0,651400000.0,-791200000.0,131300000.0,13000000.0,1690700000.0,732200000.0
NI,2017-03-31,False,Q1,2017,10-Q,1598600000.0,416500000.0,211300000.0,0.65,0.65,0.35,18635900000.0,1471200000.0,3664100000.0,28400000.0,4191100000.0,411100000.0,-344200000.0,-64900000.0,14700000.0,1690700000.0,312000000.0
NI,2017-09-30,False,Q3,2017,10-Q,917000000.0,99600000.0,14000000.0,0.04,0.04,0.175,19269500000.0,1332400000.0,2566800000.0,19300000.0,4363000000.0,529600000.0,-1306100000.0,769400000.0,13000000.0,1690700000.0,1216400000.0
NI,2016-09-30,False,Q3,2016,10-Q,861300000.0,113700000.0,27200000.0,0.08,0.08,0.165,18067200000.0,1378500000.0,2911600000.0,16100000.0,3811600000.0,532000000.0,-1168200000.0,636800000.0,500000000.0,1690700000.0,1083400000.0
NI,2016-03-31,False,Q1,2016,10-Q,1436600000.0,381400000.0,179700000.0,0.56,0.56,0.31,17471400000.0,1395400000.0,2495900000.0,23700000.0,3872300000.0,302900000.0,-315300000.0,20600000.0,0.0,1690700000.0,301000000.0
NI,2016-12-31,False,FY,2016,10-K,4492500000.0,858200000.0,331500000.0,1.03,1.02,0.64,18691900000.0,1762100000.0,3452200000.0,26400000.0,4071200000.0,803300000.0,-1582900000.0,790500000.0,500000000.0,1690700000.0,1475200000.0
NI,2016-12-31,False,FY,2016,10-K,4492500000.0,858200000.0,331500000.0,1.03,1.02,0.64,18691900000.0,1762100000.0,3452200000.0,26400000.0,4071200000.0,803300000.0,-1582900000.0,790500000.0,500000000.0,1690700000.0,1475200000.0
NI,2016-06-30,False,Q2,2016,10-Q,897600000.0,138200000.0,28600000.0,0.09,0.09,0.165,17617200000.0,1259600000.0,2696200000.0,15700000.0,3810600000.0,487100000.0,-715000000.0,228100000.0,0.0,1690700000.0,672500000.0
NI,2015-12-31,False,FY,2015,10-K,4651800000.0,799900000.0,286500000.0,0.9,0.9,0.83,17492500000.0,1577200000.0,2657500000.0,15500000.0,3843500000.0,1456800000.0,1944900000.0,-3411600000.0,6427700000.0,1690700000.0,1360700000.0
NI,2018-03-31,False,Q1,2018,10-Q,1750800000.0,400600000.0,276100000.0,0.82,0.81,0.39,20098500000.0,1633800000.0,3226200000.0,35000000.0,4506200000.0,388200000.0,-398900000.0,17000000.0,10700000.0,1690700000.0,370000000.0
NIX,2018-09-30,False,Q3,2018,10-Q,895000000.0,-315900000.0,-345100000.0,-0.95,-0.95,0.195,20699400000.0,1369100000.0,3411200000.0,41800000.0,5073700000.0,927200000.0,-1376500000.0,464700000.0,10200000.0,1690700000.0,1296600000.0
NI,2017-12-31,False,FY,2017,10-K,4874600000.0,910600000.0,128500000.0,0.39,0.39,0.7,19961700000.0,1763300000.0,3178400000.0,29000000.0,4320100000.0,742200000.0,-1808500000.0,1068700000.0,500000000.0,1690700000.0,1695800000.0
NI,2018-06-30,False,Q2,2018,10-Q,1007000000.0,118400000.0,23200000.0,0.07,0.07,0.195,20307900000.0,1315700000.0,2560400000.0,68200000.0,5463000000.0,809500000.0,-871100000.0,104300000.0,10200000.0,1690700000.0,832500000.0
