symbol,end_date,amend,period_focus,fiscal_year,doc_type,revenues,op_income,net_income,eps_basic,eps_diluted,dividend,assets,cur_assets,cur_liab,cash,equity,cash_flow_op,cash_flow_inv,cash_flow_fin,debt,goodwill,cap_ex
NJR,2011-03-31,False,Q2,2011,10-Q,976987000.0,93202000.0,63927000.0,1.55,1.54,0.36,2501691000.0,709555000.0,585230000.0,76391000.0,,181009000.0,-59048000.0,-46513000.0,,,43581000.0
NJR,2010-12-31,False,Q1,2011,10-Q,713152000.0,40263000.0,24509000.0,0.59,0.59,0.36,2710692000.0,917611000.0,841629000.0,6667000.0,,-131855000.0,-29333000.0,166912000.0,,,26692000.0
NJR,2018-12-31,False,Q1,2019,10-Q,811767000.0,88743000.0,86248000.0,0.97,0.97,0.2925,4477322000.0,1049909000.0,998922000.0,7694000.0,1497050000.0,-104755000.0,-93682000.0,204736000.0,280000000.0,,51359000.0
NJR,2012-06-30,False,Q3,2012,10-Q,425121000.0,-19911000.0,-10320000.0,-0.25,-0.25,0.38,2675907000.0,644805000.0,649850000.0,7062000.0,836086000.0,59917000.0,-158235000.0,97940000.0,,,71916000.0
NJR,2011-12-31,False,Q1,2012,10-Q,642411000.0,75218000.0,57357000.0,1.38,1.38,0.38,2852634000.0,870818000.0,841538000.0,7806000.0,820512000.0,-77465000.0,-69390000.0,147221000.0,,,19395000.0
NJR,2012-12-31,False,Q1,2013,10-Q,736019000.0,87191000.0,60206000.0,1.44,1.44,0.4,2948660000.0,771436000.0,796899000.0,3258000.0,863094000.0,-44967000.0,-49156000.0,92872000.0,,,32869000.0
NJR,2012-03-31,False,Q2,2012,10-Q,612921000.0,67689000.0,54535000.0,1.31,1.31,0.38,2669739000.0,674676000.0,634186000.0,7802000.0,862242000.0,104624000.0,-111254000.0,6992000.0,,,42380000.0
NJR,2011-06-30,False,Q3,2011,10-Q,648169000.0,27182000.0,20374000.0,0.49,0.49,0.36,2573956000.0,741667000.0,631083000.0,60814000.0,,227221000.0,-97854000.0,-69496000.0,379845000.0,,69894000.0
NJR,2013-03-31,False,Q2,2013,10-Q,960885000.0,56969000.0,45469000.0,1.09,1.08,0.4,2941658000.0,762561000.0,736477000.0,5996000.0,897771000.0,108381000.0,-90214000.0,-16680000.0,,,51376000.0
NJR,2012-09-30,False,FY,2012,10-K,2248923000.0,108690000.0,92879000.0,2.24,2.23,1.52,2770005000.0,647344000.0,653139000.0,4509000.0,813865000.0,51081000.0,-217117000.0,163105000.0,125000000.0,,104277000.0
NJR,2010-09-30,False,FY,2010,10-K,2639304000.0,188125000.0,117457000.0,2.84,2.82,1.36,2563133000.0,785008000.0,705798000.0,943000.0,725483000.0,139415000.0,-101403000.0,-73255000.0,,,86620000.0
NJR,2013-09-30,False,FY,2013,10-K,3198068000.0,159231000.0,114809000.0,2.76,2.75,1.62,3004783000.0,745898000.0,851833000.0,2969000.0,887384000.0,113994000.0,-193633000.0,78099000.0,125000000.0,,110482000.0
NJR,2013-06-30,False,Q3,2013,10-Q,767469000.0,47000000.0,29155000.0,0.7,0.7,0.4,2991195000.0,750271000.0,795506000.0,1860000.0,892356000.0,125139000.0,-132539000.0,4751000.0,50000000.0,,73654000.0
NJR,2011-09-30,False,FY,2011,10-K,3009209000.0,143001000.0,101299000.0,2.45,2.44,1.44,2649444000.0,732367000.0,703384000.0,7440000.0,776257000.0,250101000.0,-175077000.0,-68527000.0,125000000.0,,93624000.0
NJR,2010-06-30,False,Q3,2010,10-Q,479894000.0,-18786000.0,-10177000.0,-0.25,-0.25,0.34,2445474000.0,768083000.0,611464000.0,91653000.0,,155944000.0,-60708000.0,-39769000.0,,,49696000.0
NJR,2013-12-31,False,Q1,2014,10-Q,878405000.0,12224000.0,7693000.0,0.18,0.18,0.42,3196818000.0,898321000.0,1052522000.0,10049000.0,881920000.0,-68817000.0,-54043000.0,129940000.0,50000000.0,,30277000.0
NJR,2014-06-30,False,Q3,2014,10-Q,688257000.0,-29208000.0,-14274000.0,-0.34,-0.34,0.42,3105907000.0,695455000.0,682124000.0,3320000.0,1013085000.0,376461000.0,-193822000.0,-182288000.0,,,90381000.0
NJR,2014-12-31,False,Q1,2015,10-Q,824124000.0,168697000.0,123320000.0,2.92,2.88,0.45,3444292000.0,900062000.0,815933000.0,11734000.0,1103646000.0,40849000.0,-92206000.0,60940000.0,100000000.0,,34114000.0
NJR,2014-03-31,False,Q2,2014,10-Q,1579569000.0,247012000.0,172971000.0,4.11,4.07,0.42,3161210000.0,836059000.0,711134000.0,9554000.0,1039182000.0,383442000.0,-110216000.0,-266641000.0,,,59971000.0
NJR,2014-09-30,False,FY,2014,10-K,3738145000.0,201190000.0,141970000.0,3.37,3.34,1.71,3158804000.0,682731000.0,791086000.0,2151000.0,966166000.0,356786000.0,-282595000.0,-75009000.0,125000000.0,,128254000.0
NJR,2015-03-31,False,Q2,2015,10-Q,1013090000.0,82806000.0,60903000.0,0.71,0.71,0.23,3333381000.0,745639000.0,655052000.0,103344000.0,1151123000.0,326506000.0,-160213000.0,-65100000.0,100000000.0,,58657000.0
NJR,2015-06-30,False,Q3,2015,10-Q,458467000.0,-9309000.0,-7460000.0,-0.09,-0.09,0.23,3208924000.0,561802000.0,402665000.0,70180000.0,1123312000.0,379760000.0,-228946000.0,-82785000.0,125000000.0,,96626000.0
NJR,2016-03-31,False,Q2,2016,10-Q,574193000.0,93933000.0,73328000.0,0.85,0.84,0.24,3419594000.0,459861000.0,477867000.0,1880000.0,1207482000.0,114824000.0,-171419000.0,53547000.0,125000000.0,,76326000.0
NJR,2015-09-30,False,FY,2015,10-K,2733987000.0,248451000.0,180960000.0,2.12,2.1,0.915,3339038000.0,544511000.0,436100000.0,4928000.0,1106956000.0,387920000.0,-321729000.0,-63414000.0,125000000.0,,140797000.0
NJR,2017-06-30,False,Q3,2017,10-Q,457523000.0,17967000.0,18957000.0,0.22,0.22,0.255,3877926000.0,637550000.0,775878000.0,62159000.0,1284601000.0,223096000.0,-243259000.0,44776000.0,125000000.0,,92833000.0
NJR,2015-12-31,False,Q1,2016,10-Q,444258000.0,59451000.0,48647000.0,0.57,0.56,0.24,3477238000.0,588939000.0,574982000.0,1683000.0,1143944000.0,-39216000.0,-95385000.0,131356000.0,125000000.0,,42465000.0
NJR,2017-03-31,False,Q2,2017,10-Q,733546000.0,139653000.0,114702000.0,1.33,1.32,0.255,3857359000.0,677957000.0,626260000.0,92735000.0,1286280000.0,171804000.0,-155866000.0,39251000.0,125000000.0,,58761000.0
NJR,2018-03-31,False,Q2,2018,10-Q,1019043000.0,177792000.0,140266000.0,1.6,1.59,0.2725,3960740000.0,814625000.0,694468000.0,4928000.0,1467374000.0,312471000.0,-168830000.0,-140939000.0,125000000.0,,69695000.0
NJR,2017-12-31,False,Q1,2018,10-Q,705305000.0,75245000.0,123699000.0,1.42,1.42,0.2725,4186928000.0,826079000.0,991001000.0,4738000.0,1347770000.0,-23502000.0,-76926000.0,102940000.0,125000000.0,,34638000.0
NJR,2017-09-30,False,FY,2017,10-K,2268617000.0,167044000.0,132065000.0,1.53,1.52,1.0375,3928507000.0,579444000.0,802918000.0,2226000.0,1236643000.0,248046000.0,-390661000.0,107295000.0,125000000.0,0.0,144106000.0
NJR,2016-12-31,False,Q1,2017,10-Q,541028000.0,41475000.0,34929000.0,0.41,0.4,0.255,3949506000.0,815063000.0,822932000.0,46875000.0,1185361000.0,-46064000.0,-86541000.0,141934000.0,125000000.0,,31396000.0
NJR,2016-09-30,False,FY,2016,10-K,1880905000.0,167535000.0,131672000.0,1.53,1.52,0.975,3727082000.0,607264000.0,571608000.0,37546000.0,1166591000.0,142630000.0,-363190000.0,253178000.0,125000000.0,,176067000.0
NJR,2018-06-30,False,Q3,2018,10-Q,543435000.0,-37666000.0,-14274000.0,-0.16,-0.16,0.2725,3977388000.0,736893000.0,506944000.0,1070000.0,1449962000.0,392557000.0,-254206000.0,-139507000.0,125000000.0,,130727000.0
NJR,2016-06-30,False,Q3,2016,10-Q,393213000.0,-28329000.0,-17363000.0,-0.2,-0.2,0.24,3632790000.0,604718000.0,601472000.0,94808000.0,1170882000.0,96599000.0,-255332000.0,248613000.0,125000000.0,,111751000.0
NJR,2018-09-30,False,FY,2018,10-K,2915109000.0,196076000.0,233436000.0,2.66,2.64,1.11,4143664000.0,770080000.0,750976000.0,1458000.0,1418978000.0,398286000.0,-373099000.0,-25955000.0,125000000.0,,206880000.0
