symbol,end_date,amend,period_focus,fiscal_year,doc_type,revenues,op_income,net_income,eps_basic,eps_diluted,dividend,assets,cur_assets,cur_liab,cash,equity,cash_flow_op,cash_flow_inv,cash_flow_fin,debt,goodwill,cap_ex
NKE,2010-05-31,False,FY,2010,10-K,19014000000.0,,1906700000.0,3.93,3.86,1.06,14419300000.0,10959200000.0,3364200000.0,3079100000.0,9753700000.0,3164200000.0,-1267500000.0,-1061200000.0,,187600000.0,335100000.0
NKE,2011-08-31,False,Q1,2012,10-Q,6081000000.0,,645000000.0,1.39,1.36,0.31,14803000000.0,11039000000.0,3760000000.0,1608000000.0,9899000000.0,87000000.0,317000000.0,-744000000.0,,204000000.0,114000000.0
NKE,2018-11-30,False,Q2,2019,10-Q,9374000000.0,,847000000.0,0.54,0.52,0.22,22677000000.0,15566000000.0,7278000000.0,3423000000.0,8729000000.0,2825000000.0,-245000000.0,-3290000000.0,,154000000.0,630000000.0
NKE,2010-08-31,False,Q1,2011,10-Q,5175000000.0,,559000000.0,1.17,1.14,0.27,14051000000.0,10531000000.0,3142000000.0,2010000000.0,9660000000.0,212000000.0,-684000000.0,-600000000.0,,192000000.0,89000000.0
NKE,2011-11-30,False,Q2,2012,10-Q,5731000000.0,,469000000.0,1.02,1.0,0.36,14565000000.0,10725000000.0,3563000000.0,1929000000.0,9843000000.0,597000000.0,832000000.0,-1454000000.0,,201000000.0,259000000.0
NKE,2010-11-30,False,Q2,2011,10-Q,4842000000.0,,457000000.0,0.96,0.94,0.31,14464000000.0,10916000000.0,3248000000.0,1768000000.0,9949000000.0,647000000.0,-1171000000.0,-796000000.0,,192000000.0,191000000.0
NKE,2009-11-30,False,Q2,2010,10-Q,4405600000.0,,375400000.0,0.77,0.76,0.27,13358400000.0,9765600000.0,2798300000.0,2035200000.0,9224100000.0,1377100000.0,-1064800000.0,-505700000.0,,196200000.0,172600000.0
NKE,2010-02-28,False,Q3,2010,10-Q,4733000000.0,,496400000.0,1.02,1.01,0.27,13576300000.0,10088000000.0,2846700000.0,2225200000.0,9428900000.0,1889000000.0,-964000000.0,-909300000.0,,190700000.0,240100000.0
NKE,2011-02-28,False,Q3,2011,10-Q,5079000000.0,,523000000.0,1.1,1.08,0.31,14478000000.0,10785000000.0,3342000000.0,2132000000.0,9902000000.0,970000000.0,-602000000.0,-1338000000.0,,194000000.0,303000000.0
NKE,2011-05-31,False,FY,2011,10-K,20862000000.0,,2133000000.0,4.48,4.39,1.2,14998000000.0,11297000000.0,3958000000.0,1955000000.0,9843000000.0,1812000000.0,-1021000000.0,-1972000000.0,476000000.0,205000000.0,432000000.0
NKE,2012-08-31,False,Q1,2013,10-Q,6669000000.0,,567000000.0,1.25,1.23,0.36,15114000000.0,11136000000.0,3776000000.0,2165000000.0,10047000000.0,535000000.0,221000000.0,-907000000.0,,202000000.0,107000000.0
NKE,2012-02-29,False,Q3,2012,10-Q,5846000000.0,,560000000.0,1.22,1.2,0.36,14794000000.0,10932000000.0,3410000000.0,2021000000.0,10176000000.0,925000000.0,998000000.0,-1870000000.0,,202000000.0,379000000.0
NKE,2013-02-28,False,Q3,2013,10-Q,6187000000.0,,866000000.0,0.97,0.95,0.21,15615000000.0,11789000000.0,3500000000.0,2557000000.0,10667000000.0,1668000000.0,310000000.0,-1783000000.0,,131000000.0,401000000.0
NKE,2012-05-31,False,FY,2012,10-K,24128000000.0,,2223000000.0,4.83,4.73,1.39,15465000000.0,11531000000.0,3865000000.0,2317000000.0,10381000000.0,1899000000.0,514000000.0,-2118000000.0,277000000.0,201000000.0,597000000.0
NKE,2013-05-31,False,FY,2013,10-K,25313000000.0,,2485000000.0,2.77,2.71,0.81,17584000000.0,13626000000.0,3926000000.0,3337000000.0,11156000000.0,3027000000.0,-1067000000.0,-1040000000.0,1267000000.0,131000000.0,636000000.0
NKE,2012-11-30,False,Q2,2013,10-Q,5955000000.0,,384000000.0,0.43,0.42,0.21,15171000000.0,11435000000.0,3799000000.0,2291000000.0,10014000000.0,1245000000.0,160000000.0,-1431000000.0,,131000000.0,250000000.0
NKE,2009-08-31,False,Q1,2010,10-Q,4798500000.0,,513000000.0,1.06,1.04,0.25,13190600000.0,9606900000.0,2852800000.0,2260600000.0,9090700000.0,709000000.0,-331900000.0,-358400000.0,,194900000.0,80500000.0
NKE,2013-08-31,False,Q1,2014,10-Q,6971000000.0,,780000000.0,0.88,0.86,0.21,17674000000.0,13618000000.0,3863000000.0,2936000000.0,11282000000.0,597000000.0,-392000000.0,-598000000.0,,131000000.0,215000000.0
NKE,2013-11-30,False,Q2,2014,10-Q,6431000000.0,,537000000.0,0.6,0.59,0.24,17820000000.0,13607000000.0,3851000000.0,2086000000.0,11344000000.0,929000000.0,-1177000000.0,-990000000.0,,131000000.0,428000000.0
NKE,2014-08-31,False,Q1,2015,10-Q,7982000000.0,,962000000.0,1.11,1.09,0.24,18521000000.0,13540000000.0,4813000000.0,2303000000.0,11105000000.0,588000000.0,280000000.0,-882000000.0,,131000000.0,262000000.0
NKE,2014-02-28,False,Q3,2014,10-Q,6972000000.0,,685000000.0,0.78,0.76,0.24,17803000000.0,13410000000.0,3954000000.0,1864000000.0,11133000000.0,1683000000.0,-1246000000.0,-1917000000.0,,131000000.0,670000000.0
NKE,2014-11-30,False,Q2,2015,10-Q,7380000000.0,,655000000.0,0.76,0.74,0.28,19167000000.0,14033000000.0,4937000000.0,2273000000.0,11700000000.0,1235000000.0,-166000000.0,-1304000000.0,,131000000.0,487000000.0
NKE,2014-05-31,False,FY,2014,10-K,27799000000.0,,2693000000.0,3.05,2.97,0.93,18594000000.0,13696000000.0,5027000000.0,2220000000.0,10824000000.0,3003000000.0,-1207000000.0,-2914000000.0,1206000000.0,131000000.0,880000000.0
NKE,2016-02-29,False,Q3,2016,10-Q,8032000000.0,,950000000.0,0.56,0.55,0.16,20987000000.0,15256000000.0,4980000000.0,3044000000.0,12300000000.0,1912000000.0,-544000000.0,-2045000000.0,2055000000.0,131000000.0,901000000.0
NKE,2016-08-31,False,Q1,2017,10-Q,9061000000.0,,1249000000.0,0.75,0.73,0.16,21156000000.0,14589000000.0,5363000000.0,2659000000.0,85000000.0,721000000.0,-76000000.0,-1135000000.0,,139000000.0,277000000.0
NKE,2015-11-30,False,Q2,2016,10-Q,7686000000.0,,785000000.0,0.46,0.45,0.16,22583000000.0,16755000000.0,5511000000.0,3851000000.0,13405000000.0,1036000000.0,-697000000.0,-282000000.0,2072000000.0,131000000.0,615000000.0
NKE,2016-05-31,False,FY,2016,10-K,32376000000.0,,3760000000.0,2.21,2.16,0.62,21396000000.0,15025000000.0,5358000000.0,3138000000.0,318000000.0,3096000000.0,-1034000000.0,-2671000000.0,2054000000.0,131000000.0,1143000000.0
NKE,2015-02-28,False,Q3,2015,10-Q,7460000000.0,,791000000.0,0.92,0.89,0.28,20541000000.0,15207000000.0,5586000000.0,3015000000.0,12368000000.0,3338000000.0,-382000000.0,-2095000000.0,,131000000.0,723000000.0
NKE,2016-11-30,False,Q2,2017,10-Q,8180000000.0,,842000000.0,0.51,0.5,0.18,22652000000.0,16011000000.0,5225000000.0,4339000000.0,399000000.0,1684000000.0,236000000.0,-680000000.0,3517000000.0,139000000.0,512000000.0
NKE,2015-05-31,False,FY,2015,10-K,30601000000.0,,3273000000.0,3.8,3.7,1.08,21600000000.0,15976000000.0,6334000000.0,3852000000.0,1246000000.0,4680000000.0,-175000000.0,-2790000000.0,1186000000.0,131000000.0,963000000.0
NKE,2015-08-31,False,Q1,2016,10-Q,8414000000.0,,1179000000.0,1.38,1.34,0.28,20766000000.0,15238000000.0,5276000000.0,3246000000.0,12894000000.0,491000000.0,-385000000.0,-674000000.0,0.0,131000000.0,327000000.0
NKE,2017-08-31,False,Q1,2018,10-Q,9070000000.0,,950000000.0,0.58,0.57,0.18,23647000000.0,16192000000.0,6056000000.0,3413000000.0,11993000000.0,575000000.0,-12000000.0,-998000000.0,,139000000.0,270000000.0
NKE,2017-05-31,False,FY,2017,10-K,34350000000.0,,4240000000.0,2.56,2.51,0.7,23259000000.0,16061000000.0,5474000000.0,3808000000.0,12407000000.0,3640000000.0,-1008000000.0,-1942000000.0,3477000000.0,139000000.0,1105000000.0
NKE,2017-02-28,False,Q3,2017,10-Q,8432000000.0,,1141000000.0,0.69,0.68,0.18,23152000000.0,16205000000.0,5271000000.0,4021000000.0,12722000000.0,2751000000.0,-488000000.0,-1350000000.0,3478000000.0,139000000.0,776000000.0
NKE,2018-05-31,False,FY,2018,10-K,36397000000.0,,1933000000.0,1.19,1.17,0.78,22536000000.0,15134000000.0,6040000000.0,4249000000.0,9812000000.0,4955000000.0,276000000.0,-4835000000.0,3474000000.0,154000000.0,1028000000.0
NKE,2017-11-30,False,Q2,2018,10-Q,8554000000.0,,767000000.0,0.47,0.46,0.2,24055000000.0,16582000000.0,6750000000.0,4304000000.0,11758000000.0,1898000000.0,-226000000.0,-1214000000.0,,139000000.0,498000000.0
NKE,2018-02-28,False,Q3,2018,10-Q,8984000000.0,,-921000000.0,-0.57,-0.57,0.2,22552000000.0,15355000000.0,5783000000.0,3662000000.0,9782000000.0,2685000000.0,526000000.0,-3448000000.0,,139000000.0,728000000.0
NKE,2018-08-31,False,Q1,2019,10-Q,9948000000.0,,1092000000.0,0.69,0.67,0.2,22483000000.0,15501000000.0,6708000000.0,3282000000.0,8992000000.0,1301000000.0,-333000000.0,-1832000000.0,,154000000.0,343000000.0
