symbol,end_date,amend,period_focus,fiscal_year,doc_type,revenues,op_income,net_income,eps_basic,eps_diluted,dividend,assets,cur_assets,cur_liab,cash,equity,cash_flow_op,cash_flow_inv,cash_flow_fin,debt,goodwill,cap_ex
NLSNNV,2014-03-31,False,Q1,2014,10-Q,1489000000.0,193000000.0,58000000.0,0.15,0.15,0.2,15473000000.0,1933000000.0,1531000000.0,301000000.0,5797000000.0,90000000.0,-261000000.0,-75000000.0,6646000000.0,7812000000.0,14000000.0
NLSNNV,2014-06-30,False,Q2,2014,10-Q,1594000000.0,277000000.0,74000000.0,0.19,0.19,0.25,15556000000.0,1987000000.0,1503000000.0,310000000.0,5844000000.0,300000000.0,-363000000.0,-174000000.0,6692000000.0,7841000000.0,54000000.0
NLSN,2012-06-30,False,Q2,2012,10-Q,1385000000.0,237000000.0,104000000.0,0.28,0.28,0.0,14405000000.0,1644000000.0,1631000000.0,283000000.0,4785000000.0,113000000.0,-226000000.0,77000000.0,6843000000.0,7188000000.0,50000000.0
NLSN,2013-03-31,False,Q1,2013,10-Q,1376000000.0,171000000.0,35000000.0,0.1,0.1,0.16,14416000000.0,1609000000.0,1639000000.0,233000000.0,5248000000.0,54000000.0,-82000000.0,-12000000.0,6320000000.0,7322000000.0,9000000.0
NLSN,2013-06-30,False,Q2,2013,10-Q,1386000000.0,238000000.0,426000000.0,1.14,1.12,0.16,14540000000.0,2541000000.0,1534000000.0,1157000000.0,5580000000.0,260000000.0,745000000.0,-114000000.0,6255000000.0,6691000000.0,55000000.0
NLSNNV,2014-09-30,False,Q3,2014,10-Q,1572000000.0,311000000.0,91000000.0,0.24,0.24,0.25,15361000000.0,1982000000.0,1542000000.0,369000000.0,5700000000.0,692000000.0,-477000000.0,-376000000.0,6620000000.0,7715000000.0,96000000.0
NLSNNV,2015-03-31,False,Q1,2015,10-Q,1458000000.0,199000000.0,63000000.0,0.17,0.17,0.25,15388000000.0,2065000000.0,1438000000.0,343000000.0,4843000000.0,75000000.0,-291000000.0,314000000.0,7347000000.0,7640000000.0,33000000.0
NLSN,2013-09-30,False,Q3,2013,10-Q,1387000000.0,243000000.0,134000000.0,0.35,0.35,0.2,15715000000.0,2211000000.0,1774000000.0,737000000.0,5712000000.0,581000000.0,-523000000.0,410000000.0,6882000000.0,7686000000.0,79000000.0
NLSNNV,2018-12-31,False,FY,2018,10-K,6515000000.0,-475000000.0,-712000000.0,-2.0,-2.0,1.39,15179000000.0,2003000000.0,1657000000.0,524000000.0,3043000000.0,1058000000.0,-506000000.0,-676000000.0,8387000000.0,6987000000.0,106000000.0
NLSN,2013-12-31,False,FY,2013,10-K,5703000000.0,861000000.0,740000000.0,1.97,1.94,0.72,15530000000.0,2134000000.0,1535000000.0,564000000.0,5807000000.0,901000000.0,-687000000.0,83000000.0,6640000000.0,7684000000.0,130000000.0
NLSNNV,2015-09-30,False,Q3,2015,10-Q,1531000000.0,298000000.0,142000000.0,0.39,0.38,0.28,15277000000.0,2106000000.0,1755000000.0,358000000.0,4498000000.0,778000000.0,-504000000.0,-144000000.0,7453000000.0,7588000000.0,100000000.0
NLSN,2012-09-30,False,Q3,2012,10-Q,1423000000.0,281000000.0,105000000.0,0.29,0.29,0.0,14496000000.0,1683000000.0,1806000000.0,325000000.0,4981000000.0,444000000.0,-362000000.0,-80000000.0,6680000000.0,7276000000.0,72000000.0
NLSNNV,2015-06-30,False,Q2,2015,10-Q,1559000000.0,286000000.0,114000000.0,0.31,0.31,0.28,15465000000.0,2114000000.0,1633000000.0,331000000.0,4752000000.0,326000000.0,-393000000.0,155000000.0,7473000000.0,7690000000.0,69000000.0
NLSN,2011-06-30,False,Q2,2011,10-Q,1396000000.0,218000000.0,69000000.0,0.19,0.19,0.0,14870000000.0,1764000000.0,1772000000.0,374000000.0,4651000000.0,70000000.0,-234000000.0,97000000.0,,7300000000.0,66000000.0
NLSNNV,2014-12-31,False,FY,2014,10-K,6288000000.0,1089000000.0,384000000.0,1.01,1.0,0.95,15376000000.0,2019000000.0,1798000000.0,273000000.0,5133000000.0,1093000000.0,-732000000.0,-585000000.0,6862000000.0,7671000000.0,163000000.0
NLSN,2012-12-31,False,FY,2012,10-K,5612000000.0,952000000.0,273000000.0,0.75,0.75,0.16,14585000000.0,1676000000.0,1751000000.0,288000000.0,4978000000.0,784000000.0,-522000000.0,-298000000.0,6584000000.0,7352000000.0,132000000.0
NLSN,2011-12-31,False,FY,2011,10-K,5532000000.0,794000000.0,84000000.0,0.24,0.24,0.0,14504000000.0,1665000000.0,1692000000.0,319000000.0,4641000000.0,641000000.0,-486000000.0,-250000000.0,,7155000000.0,177000000.0
NLSN,2012-03-31,False,Q1,2012,10-Q,1340000000.0,154000000.0,25000000.0,0.07,0.07,0.0,14537000000.0,1649000000.0,1682000000.0,295000000.0,4772000000.0,-3000000.0,-98000000.0,70000000.0,,7232000000.0,42000000.0
NLSN,2011-09-30,False,Q3,2011,10-Q,1413000000.0,265000000.0,102000000.0,0.28,0.28,0.0,14498000000.0,1700000000.0,1688000000.0,404000000.0,4554000000.0,339000000.0,-326000000.0,-27000000.0,,7143000000.0,84000000.0
NLSNNV,2016-03-31,False,Q1,2016,10-Q,1487000000.0,224000000.0,100000000.0,0.28,0.27,0.28,15588000000.0,2054000000.0,1504000000.0,432000000.0,4712000000.0,87000000.0,-156000000.0,130000000.0,7660000000.0,7887000000.0,28000000.0
NLSNNV,2016-06-30,False,Q2,2016,10-Q,1596000000.0,282000000.0,113000000.0,0.31,0.31,0.31,15718000000.0,2035000000.0,2415000000.0,346000000.0,4468000000.0,297000000.0,-472000000.0,151000000.0,8008000000.0,7971000000.0,55000000.0
NLSNNV,2015-12-31,False,FY,2015,10-K,6172000000.0,1093000000.0,570000000.0,1.55,1.54,1.09,15303000000.0,1908000000.0,1687000000.0,357000000.0,4627000000.0,1179000000.0,-581000000.0,-462000000.0,7338000000.0,7783000000.0,134000000.0
NLSNNV,2017-03-31,False,Q1,2017,10-Q,1526000000.0,207000000.0,71000000.0,0.2,0.2,0.31,16332000000.0,2101000000.0,1635000000.0,451000000.0,4317000000.0,40000000.0,-686000000.0,329000000.0,8416000000.0,8212000000.0,17000000.0
NLSNNV,2017-06-30,False,Q2,2017,10-Q,1644000000.0,324000000.0,131000000.0,0.37,0.37,0.34,16494000000.0,2217000000.0,1575000000.0,510000000.0,4391000000.0,266000000.0,-760000000.0,223000000.0,8523000000.0,8291000000.0,31000000.0
NLSNNV,2016-09-30,False,Q3,2016,10-Q,1570000000.0,296000000.0,130000000.0,0.36,0.36,0.31,15700000000.0,2051000000.0,2011000000.0,446000000.0,4435000000.0,753000000.0,-591000000.0,-90000000.0,7957000000.0,7963000000.0,83000000.0
NLSNNV,2017-12-31,False,FY,2017,10-K,6572000000.0,1225000000.0,429000000.0,1.2,1.2,1.33,16866000000.0,2282000000.0,1697000000.0,656000000.0,4443000000.0,1310000000.0,-1236000000.0,-215000000.0,8441000000.0,8495000000.0,119000000.0
NLSNNV,2016-12-31,False,FY,2016,10-K,6309000000.0,1143000000.0,502000000.0,1.4,1.39,1.21,15730000000.0,2222000000.0,1594000000.0,754000000.0,4293000000.0,1296000000.0,-642000000.0,-248000000.0,7926000000.0,7845000000.0,109000000.0
NLSNNV,2018-06-30,False,Q2,2018,10-Q,1647000000.0,228000000.0,72000000.0,0.2,0.2,0.35,16698000000.0,2120000000.0,1789000000.0,394000000.0,4245000000.0,125000000.0,-276000000.0,-108000000.0,8664000000.0,8441000000.0,44000000.0
NLSNNV,2018-09-30,False,Q3,2018,10-Q,1600000000.0,261000000.0,96000000.0,0.27,0.27,0.35,16635000000.0,2047000000.0,1794000000.0,446000000.0,4215000000.0,512000000.0,-403000000.0,-313000000.0,8611000000.0,8454000000.0,66000000.0
NLSNNV,2017-09-30,False,Q3,2017,10-Q,1641000000.0,337000000.0,146000000.0,0.41,0.41,0.34,16585000000.0,2272000000.0,1608000000.0,662000000.0,4460000000.0,804000000.0,-888000000.0,-48000000.0,8444000000.0,8352000000.0,55000000.0
NLSNNV,2018-03-31,False,Q1,2018,10-Q,1610000000.0,207000000.0,72000000.0,0.2,0.2,0.34,16923000000.0,2264000000.0,1839000000.0,462000000.0,4458000000.0,-117000000.0,-132000000.0,40000000.0,8646000000.0,8524000000.0,26000000.0
