symbol,end_date,amend,period_focus,fiscal_year,doc_type,revenues,op_income,net_income,eps_basic,eps_diluted,dividend,assets,cur_assets,cur_liab,cash,equity,cash_flow_op,cash_flow_inv,cash_flow_fin,debt,goodwill,cap_ex
NLY,2011-09-30,False,Q3,2011,10-Q,19656000.0,,-925985000.0,-0.98,-0.98,0.6,113631706000.0,,,3473866000.0,15910022000.0,1667753000.0,-8126573000.0,9530842000.0,,42030000.0,3555000.0
NLY,2011-06-30,False,Q2,2011,10-Q,19666000.0,,116550000.0,0.14,0.14,0.65,100557007000.0,,,401844000.0,13929362000.0,-2576394000.0,160147000.0,2461079000.0,,42030000.0,3555000.0
NLY,2012-03-31,False,Q1,2012,10-Q,19608000.0,,897868000.0,0.92,0.89,0.55,120281540000.0,,,932761000.0,15940605000.0,4994435000.0,-7812732000.0,2756860000.0,,55417000.0,
NLY,2011-12-31,False,FY,2011,10-K,19550000.0,,327607000.0,0.37,0.37,2.44,109630002000.0,,,994198000.0,15760642000.0,2420063000.0,-25119687000.0,23411196000.0,,42030000.0,3555000.0
NLY,2010-06-30,False,Q2,2010,10-Q,13359000.0,,-222854000.0,-0.4,-0.4,0.68,73507984000.0,,,327979000.0,9632836000.0,4367781000.0,-3442113000.0,-1503644000.0,,27917000.0,
NLY,2011-03-31,False,Q1,2011,10-Q,16631000.0,,695628000.0,0.92,0.89,0.62,98427608000.0,,,357012000.0,12853017000.0,4956283000.0,-17100267000.0,12218370000.0,,42030000.0,
NLY,2012-06-30,False,Q2,2012,10-Q,20743000.0,,-97667000.0,-0.1,-0.1,0.55,128304571000.0,,,924374000.0,16284586000.0,-1305682000.0,-4305480000.0,5602775000.0,,55417000.0,
NLY,2010-09-30,False,Q3,2010,10-Q,15138000.0,,-18575000.0,-0.03,-0.03,0.68,82584763000.0,,,289486000.0,9587386000.0,529058000.0,-5458861000.0,4891310000.0,,27917000.0,
NLY,2018-12-31,False,FY,2018,10-K,,,-74904000.0,-0.06,-0.06,1.2,105787527000.0,,,1735749000.0,14117801000.0,2622018000.0,-908420000.0,-684438000.0,511056000.0,100854000.0,
NLY,2013-03-31,False,Q1,2013,10-Q,12817000.0,,852286000.0,0.9,0.87,0.45,125501856000.0,,,1862550000.0,15306369000.0,-3882254000.0,7151109000.0,-2022094000.0,,55417000.0,
NLY,2013-06-30,False,Q2,2013,10-Q,10374000.0,,1620221000.0,1.71,1.64,0.4,102468584000.0,,,725537000.0,13263304000.0,-3820856000.0,11879862000.0,-9196019000.0,19361000.0,102783000.0,
NLY,2012-09-30,False,Q3,2012,10-Q,20271000.0,,215391000.0,0.22,0.22,0.5,141576600000.0,,,2264854000.0,17090663000.0,3597992000.0,-3320142000.0,1062630000.0,,55417000.0,
NLY,2012-12-31,False,FY,2012,10-K,17730000.0,,1696370000.0,1.74,1.71,2.05,133452295000.0,,,615789000.0,15924444000.0,7639507000.0,-18693029000.0,10675113000.0,,55417000.0,
NLY,2010-12-31,False,FY,2010,10-K,16172000.0,,1249247000.0,2.12,2.04,2.65,83026590000.0,,,282626000.0,9864900000.0,10863110000.0,-13845753000.0,1760701000.0,,42030000.0,
NLY,2013-09-30,False,Q3,2013,10-Q,10055000.0,,174466000.0,0.18,0.18,0.35,93433157000.0,,,1122722000.0,12945724000.0,810868000.0,12634496000.0,-13048179000.0,19346000.0,103245000.0,
NLY,2013-12-31,False,FY,2013,10-K,6839000.0,,3657730000.0,3.86,3.74,1.5,81922460000.0,,,552436000.0,12405055000.0,-12892722000.0,37548218000.0,-24718849000.0,19332000.0,94781000.0,
NLY,2009-06-30,False,Q2,2009,10-Q,10039000.0,,592429000.0,1.09,1.08,0.0,68267255000.0,,,1352798000.0,8667674000.0,2910624000.0,-2147735000.0,-445209000.0,,27917000.0,
NLY,2009-09-30,False,Q3,2009,10-Q,12807000.0,,280564000.0,0.51,0.51,0.0,70162678000.0,,,1723341000.0,9307144000.0,4504990000.0,-4280929000.0,146482000.0,,27917000.0,
NLY,2010-03-31,False,Q1,2010,10-Q,11714000.0,,276440000.0,0.5,0.49,0.65,72719162000.0,,,905955000.0,9581386000.0,1821024000.0,-571504000.0,-1848133000.0,,27917000.0,
NLY,2009-12-31,False,FY,2009,10-K,12566000.0,,1942970000.0,3.55,3.52,2.54,69376190000.0,,,1504568000.0,9554426000.0,10817711000.0,-7338009000.0,-2884487000.0,,27917000.0,
NLY,2014-03-31,False,Q1,2014,10-Q,6498000.0,,-221343000.0,-0.23,-0.23,0.3,82414777000.0,,,924197000.0,12564712000.0,4300469000.0,-1599436000.0,-2329272000.0,19317000.0,94781000.0,
NLY,2014-06-30,False,Q2,2014,10-Q,6380000.0,,-353504000.0,-0.37,-0.37,0.3,87150945000.0,,,1320666000.0,13448919000.0,5877314000.0,-6821468000.0,1712384000.0,30316000.0,94781000.0,
NLY,2014-09-30,False,Q3,2014,10-Q,8369000.0,,336864000.0,0.36,0.35,0.3,87387986000.0,,,1178621000.0,13110948000.0,4798984000.0,-6429274000.0,2256475000.0,42635000.0,94781000.0,
NLY,2015-03-31,False,Q1,2015,10-Q,10268000.0,,-494401000.0,-0.52,-0.52,0.3,78675677000.0,,,1920326000.0,13124590000.0,-5041972000.0,9945526000.0,-4724472000.0,146470000.0,94781000.0,
NLY,2015-06-30,False,Q2,2015,10-Q,10589000.0,,882228000.0,0.93,0.93,0.3,75545680000.0,,,1785158000.0,12594805000.0,-4585156000.0,12195481000.0,-7566411000.0,146291000.0,71815000.0,
NLY,2014-12-31,False,FY,2014,10-K,10402000.0,,-914051000.0,-0.96,-0.96,1.2,88355367000.0,,,1741244000.0,13333781000.0,6128468000.0,-7802877000.0,2863217000.0,146553000.0,94781000.0,
NLY,2015-09-30,False,Q3,2015,10-Q,3992000.0,,-645286000.0,-0.68,-0.68,0.3,75338687000.0,,,2237423000.0,12284333000.0,-3166560000.0,13309874000.0,-9647135000.0,166617000.0,71815000.0,
NLY,2015-12-31,False,FY,2015,10-K,,,394588000.0,0.42,0.42,1.2,75190893000.0,,,1769258000.0,11905922000.0,-3167019000.0,11668915000.0,-8473882000.0,338444000.0,71815000.0,
NLY,2016-06-30,False,Q2,2016,10-Q,,,-296104000.0,-0.32,-0.32,0.3,77716470000.0,,,2735250000.0,11561873000.0,1865852000.0,58295000.0,-958155000.0,331046000.0,71815000.0,
NLY,2016-03-31,False,Q1,2016,10-Q,,,-885910000.0,-0.96,-0.96,0.3,77443965000.0,,,2416136000.0,11658007000.0,-133493000.0,-663202000.0,1443573000.0,338346000.0,71815000.0,
NLY,2017-03-31,False,Q1,2017,10-Q,,,417038000.0,0.41,0.41,0.3,84658957000.0,,,819421000.0,12647349000.0,177599000.0,2535198000.0,-3433122000.0,314847000.0,71815000.0,
NLY,2017-06-30,False,Q2,2017,10-Q,,,-8849000.0,-0.01,-0.01,0.3,84976578000.0,,,700692000.0,12609425000.0,-62349000.0,2793528000.0,-3570233000.0,314829000.0,71815000.0,
NLY,2016-12-31,False,FY,2016,10-K,,,1351496000.0,1.39,1.39,1.2,87905046000.0,,,1539746000.0,12575972000.0,6855863000.0,-2062149000.0,-5023226000.0,314865000.0,71815000.0,
NLY,2016-09-30,False,Q3,2016,10-Q,,,708413000.0,0.7,0.7,0.3,86909306000.0,,,2382188000.0,13261803000.0,833139000.0,2207211000.0,-2427420000.0,330946000.0,71815000.0,
NLY,2017-09-30,False,Q3,2017,10-Q,,,337192000.0,0.31,0.31,0.3,97574181000.0,,,867840000.0,14155218000.0,4954531000.0,-5425782000.0,-200655000.0,314811000.0,71815000.0,
NLY,2018-09-30,True,Q3,2018,10-Q,,,353903000.0,0.29,0.29,0.3,105961803000.0,,,1082747000.0,14955856000.0,3023157000.0,-419475000.0,-2227524000.0,517503000.0,71800000.0,258334000.0
NLY,2018-09-30,False,Q3,2018,10-Q,,,353903000.0,0.29,0.29,0.3,105961803000.0,,,1082747000.0,14955856000.0,3023157000.0,-419475000.0,-2227524000.0,517503000.0,71800000.0,258334000.0
NLY,2018-06-30,False,Q2,2018,10-Q,,,564542000.0,0.49,0.49,0.3,98832997000.0,,,1135329000.0,13773856000.0,2290050000.0,1073588000.0,-2934898000.0,312500000.0,71815000.0,
NLY,2018-03-31,False,Q1,2018,10-Q,,,1294034000.0,1.12,1.12,0.3,100382233000.0,,,984275000.0,13942935000.0,1332916000.0,-945942000.0,-109288000.0,312500000.0,71815000.0,
NLY,2017-12-31,False,FY,2017,10-K,,,1459969000.0,1.37,1.37,1.2,101760050000.0,,,706589000.0,14871573000.0,6932239000.0,-14665948000.0,6900552000.0,312500000.0,71815000.0,
