symbol,end_date,amend,period_focus,fiscal_year,doc_type,revenues,op_income,net_income,eps_basic,eps_diluted,dividend,assets,cur_assets,cur_liab,cash,equity,cash_flow_op,cash_flow_inv,cash_flow_fin,debt,goodwill,cap_ex
NNN,2011-09-30,False,Q3,2011,10-Q,67460000.0,41857000.0,20936000.0,0.24,0.24,26.07,3146361000.0,,,19678000.0,1778856000.0,139145000.0,-431962000.0,310447000.0,894833000.0,,
NNN,2011-06-30,False,Q2,2011,10-Q,62516000.0,38474000.0,19607000.0,0.23,0.23,0.0,2798807000.0,,,3588000.0,1556448000.0,77859000.0,-114866000.0,38547000.0,598983000.0,,
NNN,2011-03-31,False,Q1,2011,10-Q,61952000.0,37917000.0,19124000.0,0.23,0.23,0.0,2753697000.0,,,2557000.0,1536871000.0,48866000.0,-57944000.0,9587000.0,598932000.0,,
NNN,2010-06-30,False,Q2,2010,10-Q,56496000.0,36511000.0,19510000.0,0.24,0.23,0.0,2587398000.0,,,51832000.0,1551714000.0,110323000.0,-18599000.0,-55117000.0,618780000.0,,
NNN,2010-09-30,False,Q3,2010,10-Q,56656000.0,36493000.0,19514000.0,0.23,0.23,0.0,2609755000.0,,,4009000.0,1542726000.0,161891000.0,-98553000.0,-74554000.0,598833000.0,,
NNN,2010-12-31,False,FY,2010,10-K,229056000.0,134915000.0,66212000.0,0.8,0.8,1.51,2713575000.0,,,2048000.0,1528774000.0,187914000.0,-220260000.0,19169000.0,598882000.0,,
NNN,2012-06-30,False,Q2,2012,10-Q,82751000.0,50255000.0,27579000.0,0.26,0.26,0.0,3703990000.0,,,2907000.0,2227410000.0,99767000.0,-281272000.0,182330000.0,845237000.0,,
NNN,2013-03-31,False,Q1,2013,10-Q,92565000.0,54780000.0,29304000.0,0.26,0.25,0.395,4001790000.0,,,3442000.0,2442760000.0,68823000.0,-46552000.0,-20905000.0,1165897000.0,,
NNN,2012-03-31,False,Q1,2012,10-Q,78658000.0,48488000.0,24755000.0,0.23,0.23,0.385,3612538000.0,,,3033000.0,2216172000.0,50600000.0,-190678000.0,141029000.0,895103000.0,,
NNN,2013-06-30,False,Q2,2013,10-Q,96121000.0,59696000.0,32724000.0,0.28,0.27,0.0,4649352000.0,,,236916000.0,2797571000.0,124189000.0,-466752000.0,577403000.0,1513587000.0,,
NNN,2012-09-30,False,Q3,2012,10-Q,85013000.0,47757000.0,33253000.0,0.31,0.3,0.0,3934198000.0,,,141446000.0,2278078000.0,171574000.0,-381248000.0,349038000.0,1165429000.0,,
NNN,2011-12-31,False,FY,2011,10-K,265793000.0,164427000.0,85540000.0,0.96,0.96,1.53,3434429000.0,,,2082000.0,2003876000.0,182946000.0,-752068000.0,569156000.0,894967000.0,,
NNN,2018-12-31,False,FY,2018,10-K,622661000.0,424762000.0,258120000.0,1.65,1.65,1.95,7103438000.0,,,114267000.0,4154605000.0,471909000.0,-609371000.0,250365000.0,12694000.0,,
NNN,2012-12-31,False,FY,2012,10-K,331752000.0,197603000.0,121489000.0,1.13,1.11,1.56,3988026000.0,,,2076000.0,2297585000.0,228130000.0,-601759000.0,373623000.0,1165662000.0,,
NNN,2013-09-30,False,Q3,2013,10-Q,100621000.0,62795000.0,34810000.0,0.29,0.29,0.0,4436860000.0,,,6530000.0,2787930000.0,215079000.0,-508289000.0,297664000.0,1513884000.0,,
NNN,2015-06-30,False,Q2,2015,10-Q,117208000.0,67404000.0,37330000.0,0.28,0.28,0.0,5131965000.0,,,2448000.0,3146154000.0,167829000.0,-259946000.0,83961000.0,1715354000.0,,
NNN,2014-03-31,False,Q1,2014,10-Q,104064000.0,62243000.0,34474000.0,0.28,0.28,0.405,4518462000.0,,,5926000.0,2783478000.0,78604000.0,-81692000.0,7529000.0,1514486000.0,,
NNN,2014-09-30,False,Q3,2014,10-Q,109856000.0,66400000.0,39081000.0,0.31,0.31,0.0,4866577000.0,,,4904000.0,2883329000.0,231753000.0,-477743000.0,249409000.0,1714401000.0,,
NNN,2015-03-31,False,Q1,2015,10-Q,116187000.0,69654000.0,45119000.0,0.34,0.34,0.42,5020836000.0,,,4456000.0,3123831000.0,97138000.0,-128919000.0,25633000.0,1715032000.0,,
NNN,2016-03-31,False,Q1,2016,10-Q,126980000.0,77497000.0,61824000.0,0.44,0.44,0.435,5552903000.0,,,8203000.0,3434162000.0,102423000.0,-118767000.0,10888000.0,1952723000.0,,
NNN,2015-09-30,False,Q3,2015,10-Q,123143000.0,76061000.0,46339000.0,0.34,0.34,0.0,5349235000.0,,,2615000.0,3165186000.0,277982000.0,-495376000.0,209405000.0,1715679000.0,,
NNN,2017-09-30,False,Q3,2017,10-Q,147705000.0,86084000.0,52538000.0,0.35,0.35,0.475,6626220000.0,,,254263000.0,3765763000.0,330215000.0,-415175000.0,44683000.0,2695414000.0,,
NNN,2014-06-30,False,Q2,2014,10-Q,105613000.0,64620000.0,36713000.0,0.3,0.3,0.0,4650854000.0,,,85358000.0,2824450000.0,137019000.0,-160420000.0,107274000.0,1714091000.0,,
NNN,2017-06-30,False,Q2,2017,10-Q,145550000.0,82591000.0,49447000.0,0.33,0.33,0.455,6337128000.0,,,4450000.0,3688686000.0,215071000.0,-350799000.0,-154362000.0,2299710000.0,,
NNN,2017-03-31,False,Q1,2017,10-Q,141432000.0,85501000.0,51622000.0,0.35,0.35,0.455,6114772000.0,,,34418000.0,3674931000.0,117192000.0,-58847000.0,-318467000.0,2298755000.0,,
NNN,2016-06-30,False,Q2,2016,10-Q,130926000.0,75044000.0,43084000.0,0.3,0.3,0.435,5785290000.0,,,2371000.0,3547496000.0,187648000.0,-413837000.0,214901000.0,1953479000.0,,
NNN,2018-09-30,False,Q3,2018,10-Q,155331000.0,94693000.0,73450000.0,0.47,0.47,0.5,7358723000.0,,,607672000.0,4077220000.0,365508000.0,-293741000.0,534541000.0,3135311000.0,,
NNN,2016-09-30,False,Q3,2016,10-Q,134541000.0,70618000.0,41925000.0,0.29,0.28,0.455,5856363000.0,,,5916000.0,3579080000.0,314206000.0,-554822000.0,232873000.0,1954244000.0,,
NNN,2018-03-31,False,Q1,2018,10-Q,152836000.0,91270000.0,94698000.0,0.62,0.62,0.475,6660656000.0,,,4002000.0,3864506000.0,129997000.0,-103152000.0,-24207000.0,2447393000.0,,
NNN,2013-12-31,False,FY,2013,10-K,392327000.0,239248000.0,132222000.0,1.11,1.1,1.6,4454523000.0,,,1485000.0,2778285000.0,274421000.0,-568040000.0,293028000.0,1514184000.0,,
NNN,2015-12-31,False,FY,2015,10-K,482914000.0,288655000.0,162402000.0,1.21,1.2,1.71,5460044000.0,,,14260000.0,3342393000.0,341095000.0,-644544000.0,307105000.0,23964000.0,,
NNN,2016-12-31,False,FY,2016,10-K,533647000.0,309069000.0,200877000.0,1.39,1.38,1.78,6334151000.0,,,294540000.0,3916928000.0,415337000.0,-779943000.0,644886000.0,13878000.0,,
NNN,2014-12-31,False,FY,2014,10-K,434847000.0,266246000.0,155167000.0,1.24,1.24,1.65,4926714000.0,,,10604000.0,3083092000.0,296733000.0,-541558000.0,253944000.0,1714715000.0,,
NNN,2017-12-31,False,FY,2017,10-K,584933000.0,337503000.0,217193000.0,1.45,1.45,1.86,6560534000.0,,,1364000.0,3840910000.0,421557000.0,-625557000.0,-89176000.0,13300000.0,,
