symbol,end_date,amend,period_focus,fiscal_year,doc_type,revenues,op_income,net_income,eps_basic,eps_diluted,dividend,assets,cur_assets,cur_liab,cash,equity,cash_flow_op,cash_flow_inv,cash_flow_fin,debt,goodwill,cap_ex
NR,2018-12-31,False,FY,2018,10-K,946548000.0,63558000.0,32281000.0,0.36,0.35,0.0,915854000.0,523312000.0,141926000.0,56118000.0,569681000.0,63403000.0,-55752000.0,-4513000.0,161747000.0,43832000.0,45141000.0
NR,2011-06-30,False,Q2,2011,10-Q,230822000.0,31596000.0,19280000.0,0.21,0.19,0.0,805033000.0,470006000.0,128387000.0,64304000.0,462967000.0,21127000.0,-42163000.0,550000.0,,76874000.0,16842000.0
NR,2011-09-30,False,Q3,2011,10-Q,261193000.0,39179000.0,22997000.0,0.25,0.23,0.0,836742000.0,503224000.0,147322000.0,62902000.0,475654000.0,34727000.0,-54477000.0,-896000.0,,74881000.0,28136000.0
NR,2012-12-31,False,FY,2012,10-K,1038019000.0,105897000.0,60032000.0,0.69,0.62,0.0,994541000.0,604056000.0,159596000.0,46846000.0,513578000.0,110245000.0,-96167000.0,5853000.0,259431000.0,87388000.0,43955000.0
NR,2012-06-30,False,Q2,2012,10-Q,245756000.0,24755000.0,14463000.0,0.16,0.15,0.0,915582000.0,563266000.0,113280000.0,28832000.0,502519000.0,15822000.0,-25944000.0,11311000.0,,75166000.0,26315000.0
NR,2012-09-30,False,Q3,2012,10-Q,259599000.0,28756000.0,18742000.0,0.22,0.2,0.0,904455000.0,554484000.0,133236000.0,35457000.0,513059000.0,80652000.0,-34035000.0,-36984000.0,,75796000.0,34858000.0
NR,2012-03-31,False,Q1,2012,10-Q,262336000.0,26135000.0,15634000.0,0.17,0.16,0.0,942486000.0,597865000.0,152625000.0,30369000.0,511548000.0,-6408000.0,-17294000.0,27965000.0,,75081000.0,17302000.0
NR,2011-12-31,False,FY,2011,10-K,958180000.0,132764000.0,80017000.0,0.89,0.8,0.0,886837000.0,553818000.0,146843000.0,25247000.0,497846000.0,-13558000.0,-63150000.0,18338000.0,192108000.0,71970000.0,36897000.0
NR,2013-06-30,False,Q2,2013,10-Q,276622000.0,26917000.0,15664000.0,0.19,0.17,0.0,1021141000.0,618428000.0,158055000.0,58045000.0,546933000.0,43895000.0,-36827000.0,5812000.0,,88320000.0,37417000.0
NR,2013-03-31,False,Q1,2013,10-Q,282518000.0,28369000.0,17375000.0,0.21,0.18,0.0,1019192000.0,621755000.0,175482000.0,41710000.0,533807000.0,15240000.0,-15914000.0,-3876000.0,,88666000.0,16127000.0
NR,2013-09-30,False,Q3,2013,10-Q,285708000.0,30301000.0,18760000.0,0.22,0.2,0.0,1017886000.0,611472000.0,162708000.0,69409000.0,570463000.0,95689000.0,-51302000.0,-21277000.0,,89360000.0,52550000.0
NR,2014-03-31,False,Q1,2014,10-Q,242824000.0,20757000.0,35011000.0,0.41,0.36,0.0,987132000.0,632618000.0,169283000.0,130187000.0,607555000.0,3594000.0,71412000.0,-10653000.0,,93781000.0,18509000.0
NR,2014-06-30,False,Q2,2014,10-Q,272466000.0,31816000.0,20329000.0,0.24,0.21,0.0,983101000.0,601059000.0,175054000.0,56753000.0,598769000.0,-5310000.0,34966000.0,-39038000.0,0.0,94218000.0,56727000.0
NR,2014-09-30,False,Q3,2014,10-Q,296964000.0,39432000.0,23492000.0,0.29,0.25,0.0,987105000.0,596775000.0,160950000.0,41390000.0,609616000.0,22882000.0,8200000.0,-52888000.0,0.0,92876000.0,84710000.0
NR,2013-12-31,False,FY,2013,10-K,1042356000.0,94445000.0,65323000.0,0.77,0.69,0.0,968417000.0,559440000.0,153751000.0,65840000.0,581054000.0,151903000.0,-60063000.0,-72528000.0,172500000.0,94064000.0,67929000.0
NR,2015-06-30,False,Q2,2015,10-Q,163644000.0,-1682000.0,-4254000.0,-0.05,-0.05,0.0,931593000.0,524522000.0,113102000.0,123257000.0,610450000.0,81797000.0,-33169000.0,-5825000.0,,90644000.0,34313000.0
NR,2016-06-30,False,Q2,2016,10-Q,115315000.0,-15135000.0,-13904000.0,-0.17,-0.17,0.0,790023000.0,446706000.0,97230000.0,93148000.0,497687000.0,19826000.0,-24121000.0,-10598000.0,0.0,18620000.0,26652000.0
NR,2016-03-31,False,Q1,2016,10-Q,114544000.0,-18825000.0,-13300000.0,-0.16,-0.16,0.0,799889000.0,453430000.0,93194000.0,82534000.0,514843000.0,-2900000.0,-11968000.0,-11581000.0,0.0,18890000.0,13418000.0
NR,2017-03-31,False,Q1,2017,10-Q,158691000.0,3746000.0,-983000.0,-0.01,-0.01,0.0,802258000.0,470183000.0,179979000.0,69876000.0,505393000.0,-11444000.0,-7049000.0,-365000.0,157022000.0,20051000.0,7291000.0
NR,2017-06-30,False,Q2,2017,10-Q,183020000.0,7968000.0,1632000.0,0.02,0.02,0.0,840468000.0,505387000.0,208044000.0,68237000.0,514304000.0,22310000.0,-45187000.0,1133000.0,160986000.0,20238000.0,16644000.0
NR,2017-09-30,False,Q3,2017,10-Q,201663000.0,9882000.0,2653000.0,0.03,0.03,0.0,925923000.0,595933000.0,220306000.0,64741000.0,521760000.0,15763000.0,-105335000.0,63991000.0,224840000.0,20415000.0,21888000.0
NR,2015-09-30,False,Q3,2015,10-Q,154170000.0,-9263000.0,-4471000.0,-0.05,-0.05,0.0,912670000.0,501801000.0,114038000.0,113850000.0,603613000.0,107167000.0,-65011000.0,-7510000.0,0.0,89749000.0,51375000.0
NR,2014-12-31,False,FY,2014,10-K,1118416000.0,130596000.0,102278000.0,1.23,1.07,0.0,1020122000.0,623836000.0,173232000.0,85052000.0,625458000.0,89173000.0,-14002000.0,-49158000.0,172498000.0,91893000.0,106973000.0
NR,2015-12-31,False,FY,2015,10-K,676865000.0,-99099000.0,-90828000.0,-1.1,-1.1,0.0,848893000.0,506378000.0,125428000.0,107138000.0,520259000.0,121517000.0,-84366000.0,-6730000.0,7400000.0,19009000.0,69404000.0
NR,2018-06-30,False,Q2,2018,10-Q,236262000.0,19143000.0,10846000.0,0.12,0.12,0.0,929714000.0,533939000.0,136607000.0,71722000.0,554723000.0,20687000.0,-37761000.0,35050000.0,197220000.0,44020000.0,24458000.0
NR,2018-03-31,False,Q1,2018,10-Q,227293000.0,13838000.0,7222000.0,0.08,0.08,0.0,928724000.0,532728000.0,147872000.0,59938000.0,550215000.0,133000.0,-24095000.0,25698000.0,187026000.0,44397000.0,10696000.0
NR,2017-12-31,False,FY,2017,10-K,747763000.0,31436000.0,-6148000.0,-0.07,-0.07,0.0,902716000.0,505037000.0,158414000.0,56352000.0,547480000.0,38381000.0,-68374000.0,-2290000.0,160475000.0,43620000.0,31371000.0
NR,2015-03-31,False,Q1,2015,10-Q,208464000.0,6128000.0,993000.0,0.01,0.01,0.0,959169000.0,556163000.0,127293000.0,91692000.0,612823000.0,31596000.0,-18207000.0,-1635000.0,9900000.0,90032000.0,18505000.0
NR,2016-12-31,False,FY,2016,10-K,471496000.0,-57213000.0,-40712000.0,-0.49,-0.49,0.0,798183000.0,462940000.0,179801000.0,87878000.0,500543000.0,11095000.0,-28260000.0,-650000.0,156268000.0,19995000.0,38440000.0
NR,2016-09-30,False,Q3,2016,10-Q,104554000.0,-15055000.0,-13451000.0,-0.16,-0.16,0.0,776443000.0,430808000.0,92229000.0,91864000.0,489466000.0,29935000.0,-34412000.0,-11779000.0,0.0,20216000.0,33390000.0
NR,2018-09-30,False,Q3,2018,10-Q,235329000.0,10054000.0,3644000.0,0.04,0.04,0.0,928321000.0,536980000.0,144966000.0,52243000.0,560151000.0,20116000.0,-45560000.0,23678000.0,188398000.0,44015000.0,32814000.0
