symbol,end_date,amend,period_focus,fiscal_year,doc_type,revenues,op_income,net_income,eps_basic,eps_diluted,dividend,assets,cur_assets,cur_liab,cash,equity,cash_flow_op,cash_flow_inv,cash_flow_fin,debt,goodwill,cap_ex
NUE,2018-12-31,False,FY,2018,10-K,25067279000.0,,2351423000.0,7.44,7.42,1.54,17920588000.0,8636265000.0,2806300000.0,1398886000.0,10201968000.0,2393952000.0,-1030069000.0,-908177000.0,56200000.0,2184336000.0,982531000.0
NUE,2011-10-01,False,Q3,2011,10-Q,5252144000.0,,180926000.0,0.57,0.57,0.3625,14807265000.0,6893896000.0,2358085000.0,1101437000.0,7679181000.0,673144000.0,-524753000.0,-369849000.0,,1830338000.0,318252000.0
NUE,2010-04-03,False,Q1,2010,10-Q,3654842000.0,,30964000.0,0.1,0.1,0.36,12802702000.0,5461786000.0,1541156000.0,1659589000.0,7509342000.0,-3037000.0,-253936000.0,-105213000.0,,1831294000.0,54216000.0
NUE,2011-04-02,False,Q1,2011,10-Q,4833934000.0,,159242000.0,0.5,0.5,0.3625,14344446000.0,6295610000.0,1787626000.0,1152944000.0,7453591000.0,47495000.0,-84026000.0,-138975000.0,,1847994000.0,96036000.0
NUE,2010-10-02,False,Q3,2010,10-Q,4140069000.0,,23059000.0,0.07,0.07,0.36,13260925000.0,5761113000.0,1478265000.0,1850093000.0,7430349000.0,216241000.0,-594615000.0,206847000.0,,1831685000.0,238330000.0
NUE,2011-07-02,False,Q2,2011,10-Q,5107809000.0,,298725000.0,0.94,0.94,0.3625,14733549000.0,6716495000.0,2002685000.0,1189544000.0,7675391000.0,292722000.0,-161435000.0,-269470000.0,,1845948000.0,212893000.0
NUE,2010-07-03,False,Q2,2010,10-Q,4195966000.0,,90543000.0,0.29,0.29,0.36,12688180000.0,5186933000.0,1511957000.0,801504000.0,7455107000.0,-293759000.0,-680420000.0,-244547000.0,,1828058000.0,163219000.0
NUE,2013-03-30,False,Q1,2013,10-Q,4550772000.0,,84403000.0,0.26,0.26,0.3675,14039010000.0,5546741000.0,1986987000.0,902700000.0,7802243000.0,128811000.0,-138787000.0,-139091000.0,,1990903000.0,330585000.0
NUE,2012-09-29,False,Q3,2012,10-Q,4801206000.0,,109896000.0,0.35,0.35,0.365,14997247000.0,6622073000.0,2887027000.0,1693197000.0,7863574000.0,1124684000.0,-264644000.0,-371263000.0,,2008461000.0,613777000.0
NUE,2012-06-30,False,Q2,2012,10-Q,5104199000.0,,111877000.0,0.35,0.35,0.365,14766566000.0,6486344000.0,2757288000.0,1111989000.0,7782559000.0,446486000.0,-266660000.0,-269641000.0,,1988874000.0,383448000.0
NUE,2009-12-31,False,FY,2009,10-K,11190296000.0,,-293613000.0,-0.94,-0.94,1.41,12571904000.0,5182248000.0,1227057000.0,2016981000.0,7584289000.0,1182297000.0,-700412000.0,-820034000.0,,1803021000.0,390500000.0
NUE,2011-12-31,False,FY,2011,10-K,20023564000.0,,775535000.0,2.45,2.45,1.4525,14570350000.0,6708081000.0,2396059000.0,1200645000.0,7706580000.0,1032612000.0,-661447000.0,-495022000.0,4280200000.0,1830661000.0,440502000.0
NUE,2010-12-31,False,FY,2010,10-K,15844627000.0,,132269000.0,0.42,0.42,1.4425,13921910000.0,5861175000.0,1504438000.0,1325406000.0,7330694000.0,873404000.0,-2262365000.0,691828000.0,4280200000.0,1836294000.0,345294000.0
NUE,2012-12-31,False,FY,2012,10-K,19429273000.0,,502906000.0,1.58,1.58,1.4625,14152059000.0,5661364000.0,2029568000.0,1052862000.0,7885374000.0,1200385000.0,-203995000.0,-1146877000.0,3630200000.0,2004538000.0,947608000.0
NUE,2013-06-29,False,Q2,2013,10-Q,4665588000.0,,84726000.0,0.27,0.27,0.3675,13766651000.0,5183163000.0,1740576000.0,630467000.0,7771230000.0,484974000.0,-366028000.0,-538941000.0,,1983107000.0,621306000.0
NUE,2012-03-31,False,Q1,2012,10-Q,5072594000.0,,144695000.0,0.46,0.46,0.365,14814465000.0,6859485000.0,2549047000.0,1179814000.0,7795702000.0,207651000.0,-92366000.0,-138591000.0,,1855971000.0,167329000.0
NUE,2009-07-04,False,Q2,2009,10-Q,2478028000.0,,-133337000.0,-0.43,-0.43,0.35,12411047000.0,4927828000.0,949187000.0,2060203000.0,7704244000.0,637124000.0,-450825000.0,-481226000.0,,1776207000.0,240428000.0
NUE,2009-10-03,False,Q3,2009,10-Q,3120005000.0,,-29538000.0,-0.1,-0.1,0.35,12670012000.0,5202552000.0,1312551000.0,1957671000.0,7583920000.0,957943000.0,-651936000.0,-703466000.0,,1794761000.0,316024000.0
NUE,2014-04-05,False,Q1,2014,10-Q,5108444000.0,,110640000.0,0.35,0.35,0.37,15118011000.0,6309873000.0,1895968000.0,1152542000.0,7860535000.0,149214000.0,-331502000.0,-145905000.0,,1958967000.0,258058000.0
NUE,2013-09-28,False,Q3,2013,10-Q,4940936000.0,,147079000.0,0.46,0.46,0.3675,15091776000.0,6468877000.0,1993489000.0,1722909000.0,7863273000.0,883640000.0,-547652000.0,335543000.0,,1983617000.0,887929000.0
NUE,2013-12-31,False,FY,2013,10-K,19052046000.0,,486106000.0,1.52,1.52,1.4725,15203283000.0,6410046000.0,1960216000.0,1483252000.0,7910278000.0,1077949000.0,-839970000.0,196044000.0,4380200000.0,1973608000.0,1196952000.0
NUE,2014-07-05,False,Q2,2014,10-Q,5291075000.0,,146554000.0,0.46,0.46,0.37,15310888000.0,6494790000.0,2017226000.0,1067561000.0,7946013000.0,443329000.0,-598368000.0,-260457000.0,,1971452000.0,446798000.0
NUE,2015-04-04,False,Q1,2015,10-Q,4399440000.0,,67450000.0,0.21,0.21,0.3725,14855438000.0,5862989000.0,1524806000.0,1153937000.0,7905671000.0,563694000.0,-105752000.0,-324845000.0,,2043315000.0,77523000.0
NUE,2015-10-03,False,Q3,2015,10-Q,4225514000.0,,226389000.0,0.71,0.71,0.3725,15269468000.0,6465731000.0,1847411000.0,1895425000.0,8047341000.0,1757299000.0,-297143000.0,-583882000.0,,2023788000.0,283087000.0
NUE,2014-10-04,False,Q3,2014,10-Q,5701869000.0,,244666000.0,0.76,0.76,0.37,15493594000.0,6796244000.0,2156496000.0,1295945000.0,8015703000.0,925563000.0,-717066000.0,-393017000.0,,1982776000.0,557249000.0
NUE,2016-04-02,False,Q1,2016,10-Q,3715576000.0,,70385000.0,0.22,0.22,0.375,14395104000.0,6006149000.0,1550130000.0,2278488000.0,7778072000.0,550859000.0,-32080000.0,-190056000.0,,2025380000.0,80697000.0
NUE,2015-12-31,False,FY,2015,10-K,16439276000.0,,356145000.0,1.11,1.11,1.4925,14250399000.0,5754380000.0,1385173000.0,1939469000.0,7786013000.0,2157043000.0,-441696000.0,-789751000.0,4360600000.0,2011278000.0,374123000.0
NUE,2016-07-02,False,Q2,2016,10-Q,4245772000.0,,232954000.0,0.73,0.73,0.375,14924583000.0,6538498000.0,1936108000.0,1781150000.0,7920709000.0,856965000.0,-671954000.0,-357366000.0,,2030551000.0,227342000.0
NUE,2015-07-04,False,Q2,2015,10-Q,4357609000.0,,124344000.0,0.39,0.39,0.3725,15068177000.0,6154737000.0,1690077000.0,1576496000.0,7975085000.0,1194704000.0,-191381000.0,-450747000.0,,2046098000.0,175253000.0
NUE,2016-10-01,False,Q3,2016,10-Q,4290236000.0,,269122000.0,0.84,0.84,0.375,15113679000.0,6700422000.0,1898487000.0,1704707000.0,8090516000.0,1171680000.0,-945475000.0,-472154000.0,,2026841000.0,327436000.0
NUE,2017-07-01,False,Q2,2017,10-Q,5174769000.0,,321910000.0,1.0,1.0,0.3775,16112725000.0,7182692000.0,3325306000.0,1511353000.0,8711913000.0,346964000.0,-575126000.0,-307743000.0,,2179641000.0,189235000.0
NUE,2017-04-01,False,Q1,2017,10-Q,4815179000.0,,355707000.0,1.11,1.11,0.3775,15875460000.0,6878193000.0,2837796000.0,1657759000.0,8468071000.0,244142000.0,-484725000.0,-147102000.0,,2177276000.0,94535000.0
NUE,2016-12-31,False,FY,2016,10-K,16208122000.0,,793639000.0,2.48,2.48,1.5025,15223518000.0,6506393000.0,2389966000.0,2045961000.0,8254708000.0,1737533000.0,-1025118000.0,-613966000.0,4360600000.0,2052728000.0,604840000.0
NUE,2017-12-31,False,FY,2017,10-K,20252393000.0,,1314139000.0,4.11,4.1,1.5125,15841258000.0,6824420000.0,2824764000.0,949104000.0,9084788000.0,1051263000.0,-918892000.0,-1238231000.0,52800000.0,2196058000.0,448555000.0
NUE,2017-09-30,False,Q3,2017,10-Q,5170117000.0,,253950000.0,0.79,0.79,0.3775,16503834000.0,7500647000.0,3555466000.0,1575944000.0,8845814000.0,762493000.0,-736500000.0,-513463000.0,,2208246000.0,292312000.0
NUE,2014-12-31,False,FY,2014,10-K,21105141000.0,,711625000.0,2.22,2.22,1.4825,15615927000.0,6441888000.0,2097776000.0,1024144000.0,8075118000.0,1342898000.0,-1438062000.0,-359047000.0,4376935000.0,2068664000.0,667982000.0
NUE,2018-03-31,False,Q1,2018,10-Q,5568419000.0,,352998000.0,1.11,1.1,0.38,16121246000.0,7079216000.0,2844581000.0,760254000.0,9322919000.0,127921000.0,-171162000.0,-145532000.0,,2195565000.0,172203000.0
NUE,2018-06-30,False,Q2,2018,10-Q,6460774000.0,,680234000.0,2.14,2.13,0.38,17451692000.0,8401235000.0,2750329000.0,1486453000.0,9735424000.0,870592000.0,-366238000.0,29218000.0,,2185809000.0,361486000.0
NUE,2018-09-29,False,Q3,2018,10-Q,6742202000.0,,673849000.0,2.13,2.13,0.38,17962893000.0,8844251000.0,2807695000.0,1932155000.0,10174421000.0,1901459000.0,-632968000.0,-281057000.0,,2194231000.0,624739000.0
