symbol,end_date,amend,period_focus,fiscal_year,doc_type,revenues,op_income,net_income,eps_basic,eps_diluted,dividend,assets,cur_assets,cur_liab,cash,equity,cash_flow_op,cash_flow_inv,cash_flow_fin,debt,goodwill,cap_ex
NX,2013-04-30,False,Q2,2013,10-Q,232458000.0,-9373000.0,-7348000.0,-0.2,-0.2,0.04,574658000.0,215159000.0,117886000.0,9628000.0,407074000.0,-20783000.0,-47057000.0,6596000.0,11350000.0,71003000.0,24983000.0
NX,2019-01-31,False,Q1,2019,10-Q,196808000.0,-2450000.0,-3649000.0,-0.11,-0.11,0.08,725740000.0,177859000.0,71651000.0,17456000.0,389803000.0,-20243000.0,-6197000.0,14560000.0,230684000.0,221225000.0,6271000.0
NX,2012-01-31,False,Q1,2012,10-Q,161579000.0,-11304000.0,-6748000.0,-0.18,-0.18,0.04,565906000.0,229994000.0,94942000.0,81722000.0,426949000.0,2073000.0,-8024000.0,-2430000.0,1646000.0,68398000.0,8024000.0
NX,2011-07-31,False,Q3,2011,10-Q,252413000.0,14637000.0,9016000.0,0.24,0.24,0.04,594333000.0,250671000.0,113540000.0,62420000.0,440166000.0,9824000.0,-127056000.0,-8033000.0,1675000.0,69611000.0,16969000.0
NX,2013-01-31,False,Q1,2013,10-Q,185713000.0,-13685000.0,-8118000.0,-0.22,-0.22,0.04,562300000.0,202447000.0,105229000.0,4558000.0,415100000.0,-30340000.0,-33933000.0,-1900000.0,1467000.0,71509000.0,11500000.0
NX,2012-04-30,False,Q2,2012,10-Q,194444000.0,-16079000.0,-12285000.0,-0.34,-0.34,0.04,568040000.0,228799000.0,112042000.0,54145000.0,415833000.0,-11790000.0,-21290000.0,-2927000.0,1535000.0,68701000.0,21311000.0
NX,2011-10-31,False,FY,2011,10-K,848294000.0,16478000.0,9066000.0,0.24,0.24,0.16,584929000.0,245073000.0,104749000.0,89619000.0,437226000.0,52876000.0,-135367000.0,-15306000.0,1666000.0,69432000.0,25312000.0
NX,2012-10-31,False,FY,2012,10-K,828976000.0,-24953000.0,-16534000.0,-0.45,-0.45,0.16,589538000.0,250870000.0,127812000.0,71255000.0,421827000.0,26478000.0,-41704000.0,-3928000.0,1401000.0,68331000.0,42871000.0
NX,2013-07-31,False,Q3,2013,10-Q,259174000.0,7116000.0,4969000.0,0.13,0.13,0.04,571561000.0,214052000.0,124211000.0,16073000.0,413274000.0,6577000.0,-56278000.0,-4892000.0,1128000.0,71302000.0,34517000.0
NX,2014-10-31,False,FY,2014,10-K,595384000.0,14276000.0,29234000.0,0.79,0.78,0.16,517113000.0,260429000.0,74276000.0,120384000.0,420920000.0,20778000.0,74124000.0,-24459000.0,785000.0,70546000.0,33779000.0
NX,2014-07-31,False,Q3,2014,10-Q,169981000.0,12666000.0,8047000.0,0.22,0.21,0.04,538250000.0,262793000.0,72689000.0,134230000.0,444360000.0,9754000.0,75451000.0,-691000.0,818000.0,71823000.0,29026000.0
NX,2014-01-31,False,Q1,2014,10-Q,202362000.0,-5113000.0,-3900000.0,-0.11,-0.11,0.04,541043000.0,204885000.0,97144000.0,25807000.0,412261000.0,-11484000.0,-11206000.0,-1184000.0,908000.0,71838000.0,6748000.0
NX,2014-04-30,False,Q2,2014,10-Q,135208000.0,-2828000.0,20131000.0,0.54,0.53,0.04,531940000.0,259875000.0,74572000.0,126984000.0,436008000.0,-11023000.0,87946000.0,423000.0,771000.0,72411000.0,18597000.0
NX,2015-01-31,False,Q1,2015,10-Q,127893000.0,-5615000.0,-3071000.0,-0.09,-0.09,0.04,453009000.0,193466000.0,54126000.0,63924000.0,381306000.0,-5747000.0,-6808000.0,-44159000.0,758000.0,68802000.0,7321000.0
NX,2013-10-31,False,FY,2013,10-K,952642000.0,-17729000.0,-11703000.0,-0.32,-0.32,0.16,571815000.0,236283000.0,121868000.0,49736000.0,416194000.0,43521000.0,-59687000.0,-4869000.0,935000.0,71866000.0,37931000.0
NX,2012-07-31,False,Q3,2012,10-Q,237905000.0,1452000.0,1531000.0,0.04,0.04,0.04,579173000.0,241936000.0,122368000.0,62292000.0,418738000.0,5987000.0,-31195000.0,-3122000.0,1327000.0,67415000.0,31710000.0
NX,2015-04-30,False,Q2,2015,10-Q,141970000.0,3689000.0,2294000.0,0.07,0.07,0.04,460887000.0,202351000.0,62513000.0,60030000.0,380248000.0,3308000.0,-12666000.0,-51429000.0,634000.0,68788000.0,13381000.0
NX,2011-01-31,False,Q1,2011,10-Q,159808000.0,-7666000.0,-4740000.0,-0.13,-0.13,0.04,560612000.0,310527000.0,84424000.0,182466000.0,435476000.0,614000.0,-3367000.0,-2441000.0,,25189000.0,4124000.0
NX,2011-04-30,False,Q2,2011,10-Q,203112000.0,-2285000.0,-1389000.0,-0.04,-0.04,0.0,600076000.0,250910000.0,124518000.0,57727000.0,435745000.0,-5405000.0,-120983000.0,-3480000.0,,69785000.0,10896000.0
NX,2016-01-31,False,Q1,2016,10-Q,201468000.0,-2138000.0,-7249000.0,-0.21,-0.21,0.04,829862000.0,201607000.0,87322000.0,27748000.0,380788000.0,779000.0,-254037000.0,256964000.0,320877000.0,237229000.0,8652000.0
NX,2017-01-31,False,Q1,2017,10-Q,195096000.0,-3841000.0,-3726000.0,-0.11,-0.11,0.04,750320000.0,176932000.0,88925000.0,14074000.0,368281000.0,2037000.0,-16248000.0,2794000.0,272459000.0,218213000.0,8141000.0
NX,2017-04-30,False,Q2,2017,10-Q,209133000.0,4625000.0,1462000.0,0.04,0.04,0.04,782450000.0,194034000.0,102687000.0,14513000.0,373431000.0,15674000.0,-25454000.0,-1038000.0,286648000.0,219883000.0,17550000.0
NX,2015-07-31,False,Q3,2015,10-Q,180206000.0,9828000.0,6927000.0,0.21,0.2,0.04,592780000.0,189566000.0,87580000.0,27011000.0,387040000.0,27549000.0,-152137000.0,31081000.0,92043000.0,130861000.0,21918000.0
NX,2016-07-31,False,Q3,2016,10-Q,248085000.0,19930000.0,-3976000.0,-0.12,-0.12,0.04,821494000.0,219423000.0,127076000.0,32183000.0,373067000.0,49058000.0,-270858000.0,229581000.0,302067000.0,234522000.0,25938000.0
NX,2016-04-30,False,Q2,2016,10-Q,229460000.0,10556000.0,3935000.0,0.12,0.11,0.04,851417000.0,221902000.0,102523000.0,29001000.0,390013000.0,24588000.0,-262388000.0,243459000.0,309350000.0,240592000.0,17419000.0
NX,2015-10-31,False,FY,2015,10-K,645528000.0,24675000.0,16093000.0,0.47,0.47,0.16,572031000.0,172250000.0,88248000.0,23125000.0,395295000.0,67087000.0,-160144000.0,-4581000.0,57400000.0,129770000.0,29982000.0
NX,2018-01-31,False,Q1,2018,10-Q,191666000.0,-489000.0,4947000.0,0.14,0.14,0.04,767034000.0,179170000.0,92864000.0,13757000.0,422957000.0,8192000.0,-7746000.0,-4377000.0,236135000.0,226927000.0,7811000.0
NX,2017-07-31,False,Q3,2017,10-Q,229367000.0,17352000.0,10215000.0,0.3,0.29,0.04,785059000.0,196329000.0,109682000.0,15791000.0,392671000.0,45260000.0,-34363000.0,-20384000.0,264397000.0,222153000.0,27098000.0
NX,2018-04-30,False,Q2,2018,10-Q,214212000.0,8136000.0,4136000.0,0.12,0.12,0.04,764771000.0,188147000.0,97519000.0,10098000.0,420326000.0,21615000.0,-15033000.0,-13884000.0,227024000.0,224728000.0,15213000.0
NX,2018-07-31,False,Q3,2018,10-Q,239821000.0,17087000.0,10753000.0,0.31,0.31,0.04,751523000.0,188377000.0,95089000.0,12400000.0,423763000.0,48453000.0,-20838000.0,-32039000.0,209774000.0,221587000.0,21098000.0
NX,2016-10-31,False,FY,2016,10-K,928184000.0,36353000.0,-1859000.0,-0.05,-0.05,0.16,780353000.0,203974000.0,114134000.0,25526000.0,367831000.0,86418000.0,-282103000.0,196371000.0,269531000.0,217035000.0,37243000.0
NX,2018-10-31,False,FY,2018,10-K,889785000.0,36375000.0,26328000.0,0.76,0.75,0.2,741849000.0,189678000.0,102361000.0,29003000.0,394152000.0,104611000.0,-26052000.0,-65817000.0,210556000.0,219627000.0,26484000.0
NX,2017-10-31,False,FY,2017,10-K,866555000.0,34367000.0,18683000.0,0.55,0.54,0.16,773879000.0,191801000.0,106455000.0,17455000.0,406847000.0,78554000.0,-41124000.0,-45412000.0,239426000.0,222194000.0,34564000.0
