symbol,end_date,amend,period_focus,fiscal_year,doc_type,revenues,op_income,net_income,eps_basic,eps_diluted,dividend,assets,cur_assets,cur_liab,cash,equity,cash_flow_op,cash_flow_inv,cash_flow_fin,debt,goodwill,cap_ex
NYT,2016-12-25,False,FY,2016,10-K,1555342000.0,101604000.0,29068000.0,0.18,0.18,0.16,2185395000.0,796178000.0,398737000.0,100692000.0,844244000.0,94247000.0,128272000.0,-227395000.0,240199000.0,134517000.0,30095000.0
NYT,2016-03-27,False,Q1,2016,10-Q,379515000.0,27935000.0,-8271000.0,-0.05,-0.05,0.04,2311987000.0,846128000.0,513138000.0,185693000.0,793080000.0,-20684000.0,122765000.0,-22283000.0,188579000.0,110291000.0,10542000.0
NYT,2016-06-26,False,Q2,2016,10-Q,372630000.0,9141000.0,-211000.0,0.0,0.0,0.0,2329241000.0,939142000.0,526217000.0,400062000.0,799151000.0,31504000.0,291552000.0,-28850000.0,188784000.0,119765000.0,14592000.0
NYT,2015-03-29,False,Q1,2015,10-Q,384239000.0,-11064000.0,-14262000.0,-0.09,-0.09,0.04,2360146000.0,943870000.0,307438000.0,266175000.0,829692000.0,11073000.0,211489000.0,-131699000.0,427670000.0,108633000.0,8791000.0
NYT,2017-03-26,False,Q1,2017,10-Q,398804000.0,29009000.0,13181000.0,0.08,0.08,0.04,2170226000.0,767931000.0,387845000.0,150964000.0,856963000.0,30131000.0,29820000.0,-9892000.0,,136391000.0,8032000.0
NYT,2018-12-30,False,FY,2018,10-K,1748598000.0,190167000.0,125684000.0,0.76,0.75,0.16,2197123000.0,893946000.0,673304000.0,241504000.0,1042641000.0,157117000.0,-101095000.0,3824000.0,246798000.0,140282000.0,77487000.0
NYT,2015-06-28,False,Q2,2015,10-Q,382886000.0,38051000.0,16400000.0,0.1,0.1,0.04,2366215000.0,922663000.0,310357000.0,155001000.0,843870000.0,65680000.0,57430000.0,-143726000.0,428821000.0,110314000.0,14446000.0
NYT,2016-09-25,False,Q3,2016,10-Q,363547000.0,8973000.0,406000.0,0.0,0.0,0.08,2356880000.0,962750000.0,572808000.0,156938000.0,793171000.0,76071000.0,10212000.0,-35287000.0,188993000.0,122940000.0,21820000.0
NYT,2017-06-25,False,Q2,2017,10-Q,407074000.0,27669000.0,15599000.0,0.1,0.09,0.0,2195168000.0,775407000.0,398456000.0,204142000.0,884026000.0,99461000.0,18105000.0,-14342000.0,,138795000.0,21411000.0
NYT,2018-04-01,False,Q1,2018,10-Q,413948000.0,34055000.0,21912000.0,0.13,0.13,0.04,2097094000.0,740015000.0,370429000.0,213814000.0,958077000.0,17899000.0,-12141000.0,25024000.0,,145612000.0,24882000.0
NYT,2017-09-24,False,Q3,2017,10-Q,385635000.0,33013000.0,32329000.0,0.2,0.2,0.08,2238958000.0,767763000.0,418672000.0,244667000.0,918674000.0,147895000.0,15607000.0,-19739000.0,,143171000.0,47831000.0
NYT,2018-09-30,False,Q3,2018,10-Q,417346000.0,41443000.0,24976000.0,0.15,0.15,0.04,2141388000.0,782637000.0,402962000.0,206179000.0,1006671000.0,116376000.0,-103809000.0,11427000.0,245932000.0,141273000.0,61983000.0
NYT,2015-09-27,False,Q3,2015,10-Q,367404000.0,21933000.0,9415000.0,0.06,0.06,0.04,2339914000.0,914083000.0,323788000.0,144606000.0,818520000.0,108034000.0,45382000.0,-184464000.0,430007000.0,110469000.0,21150000.0
NYT,2015-12-27,False,FY,2015,10-K,1579215000.0,136585000.0,63246000.0,0.38,0.38,0.16,2417690000.0,862532000.0,563585000.0,105776000.0,828455000.0,175326000.0,-30703000.0,-214211000.0,431228000.0,109085000.0,26965000.0
NYT,2017-12-31,False,FY,2017,10-K,1675639000.0,112366000.0,4296000.0,0.03,0.03,0.16,2099780000.0,749699000.0,415657000.0,182911000.0,897363000.0,86712000.0,21019000.0,-26019000.0,,143549000.0,84753000.0
NYT,2018-07-01,False,Q2,2018,10-Q,414560000.0,40002000.0,23597000.0,0.14,0.14,0.04,2099122000.0,729954000.0,361864000.0,236511000.0,979691000.0,77669000.0,-41654000.0,18167000.0,,141742000.0,45529000.0
NYT,2010-09-26,False,Q3,2010,10-Q,554333000.0,8993000.0,-4261000.0,-0.03,-0.03,0.0,3016507000.0,534790000.0,456450000.0,128641000.0,662195000.0,92629000.0,65000.0,275000.0,,646707000.0,20305000.0
NYT,2010-06-27,False,Q2,2010,10-Q,589587000.0,60825000.0,32033000.0,0.22,0.21,0.0,2991735000.0,481125000.0,444463000.0,102431000.0,656370000.0,60592000.0,5591000.0,700000.0,,639919000.0,12429000.0
NYT,2011-03-27,False,Q1,2011,10-Q,566504000.0,31074000.0,5419000.0,0.04,0.04,0.0,3171438000.0,768247000.0,426209000.0,152537000.0,689637000.0,-45154000.0,-172420000.0,71000.0,,647595000.0,12852000.0
NYT,2011-06-26,False,Q2,2011,10-Q,576702000.0,-114077000.0,-119718000.0,-0.81,-0.81,0.0,3056902000.0,823718000.0,663179000.0,178451000.0,573379000.0,45161000.0,-236768000.0,-76000.0,1000618000.0,496105000.0,23449000.0
NYT,2010-12-26,False,FY,2010,10-K,2393463000.0,234120000.0,107704000.0,0.74,0.71,0.0,3285741000.0,857232000.0,504377000.0,369668000.0,664076000.0,153327000.0,-40520000.0,220666000.0,,644464000.0,33565000.0
NYT,2012-03-25,False,Q1,2012,10-Q,499376000.0,19616000.0,42130000.0,0.28,0.28,0.0,2817780000.0,848314000.0,447927000.0,206468000.0,555931000.0,-9607000.0,40792000.0,-51000.0,774283000.0,490262000.0,9357000.0
NYT,2013-03-31,False,Q1,2013,10-Q,465933000.0,22870000.0,3138000.0,0.02,0.02,0.0,2650977000.0,991332000.0,337991000.0,308014000.0,646334000.0,-87557000.0,-424987000.0,357000.0,698211000.0,120275000.0,4554000.0
NYT,2012-06-24,False,Q2,2012,10-Q,515212000.0,-143624000.0,-88149000.0,-0.6,-0.6,0.0,2716806000.0,962440000.0,443726000.0,290292000.0,466841000.0,73871000.0,41629000.0,-73000.0,775815000.0,291294000.0,19215000.0
NYT,2012-09-23,False,Q3,2012,10-Q,449028000.0,8509000.0,2282000.0,0.02,0.02,0.0,2725565000.0,1194678000.0,463100000.0,334374000.0,475134000.0,124269000.0,34890000.0,104000.0,776939000.0,121251000.0,29978000.0
NYT,2011-09-25,False,Q3,2011,10-Q,537235000.0,33045000.0,15685000.0,0.11,0.1,0.0,2834961000.0,680075000.0,440322000.0,93685000.0,592682000.0,55874000.0,-81950000.0,-250224000.0,772021000.0,491944000.0,35457000.0
NYT,2014-03-30,False,Q1,2014,10-Q,390408000.0,22059000.0,1743000.0,0.01,0.01,0.04,2507837000.0,1032935000.0,552215000.0,308689000.0,848562000.0,-4443000.0,-164225000.0,-5404000.0,685341000.0,125928000.0,10533000.0
NYT,2011-12-25,False,FY,2011,10-K,2323401000.0,56707000.0,-39669000.0,-0.27,-0.27,0.0,2883450000.0,748589000.0,513308000.0,175151000.0,509509000.0,73927000.0,-18254000.0,-250226000.0,773140000.0,488894000.0,44887000.0
NYT,2013-06-30,False,Q2,2013,10-Q,485363000.0,53431000.0,20131000.0,0.14,0.13,0.0,2647621000.0,1053507000.0,353101000.0,358601000.0,704739000.0,-26562000.0,-429862000.0,-5314000.0,694273000.0,121433000.0,6983000.0
NYT,2014-09-28,False,Q3,2014,10-Q,364718000.0,-9032000.0,-12499000.0,-0.08,-0.08,0.04,2444110000.0,1085823000.0,588515000.0,414591000.0,854907000.0,36243000.0,-68715000.0,-35906000.0,669364000.0,119463000.0,25819000.0
NYT,2014-06-29,False,Q2,2014,10-Q,388719000.0,16497000.0,9188000.0,0.06,0.06,0.04,2464492000.0,1044288000.0,551622000.0,374626000.0,857536000.0,8098000.0,-104869000.0,-11283000.0,686470000.0,125283000.0,18283000.0
NYT,2012-12-30,False,FY,2012,10-K,1990080000.0,108340000.0,133173000.0,0.9,0.87,0.0,2806335000.0,1308408000.0,422577000.0,820489000.0,635811000.0,79309000.0,646813000.0,-80854000.0,697078000.0,122691000.0,34888000.0
NYT,2014-12-28,False,FY,2014,10-K,1588528000.0,91948000.0,33307000.0,0.22,0.2,0.16,2566474000.0,1148095000.0,600508000.0,176607000.0,728349000.0,80491000.0,-324717000.0,-61386000.0,650120000.0,116422000.0,35350000.0
NYT,2013-09-29,False,Q3,2013,10-Q,361738000.0,12855000.0,-24226000.0,-0.16,-0.16,0.04,2628270000.0,1147963000.0,365015000.0,390008000.0,686081000.0,10070000.0,-424581000.0,-16202000.0,683030000.0,124524000.0,11660000.0
NYT,2013-12-29,False,FY,2013,10-K,1577230000.0,156087000.0,65105000.0,0.43,0.41,0.08,2572552000.0,1172267000.0,348511000.0,482745000.0,846534000.0,34855000.0,-353657000.0,-19259000.0,684163000.0,125871000.0,16942000.0
