symbol,end_date,amend,period_focus,fiscal_year,doc_type,revenues,op_income,net_income,eps_basic,eps_diluted,dividend,assets,cur_assets,cur_liab,cash,equity,cash_flow_op,cash_flow_inv,cash_flow_fin,debt,goodwill,cap_ex
OAK,2012-12-31,False,FY,2012,10-K,144983000.0,,107810000.0,3.83,3.83,2.31,43869998000.0,,,458191000.0,1393893000.0,6957358000.0,55047000.0,-7592778000.0,615179000.0,,5218000.0
OAK,2018-12-31,False,FY,2018,10-K,1861551000.0,,211141000.0,2.99,2.99,2.97,10432178000.0,,,831727000.0,2487717000.0,-617017000.0,-493150000.0,994983000.0,864529000.0,69300000.0,5816000.0
OAK,2013-03-31,False,Q1,2013,10-Q,42539000.0,,57566000.0,1.91,1.91,1.05,44917078000.0,,,687412000.0,1531866000.0,2257110000.0,17779000.0,-1495006000.0,608929000.0,,126000.0
OAK,2012-09-30,False,Q3,2012,10-Q,31906000.0,,25212000.0,0.84,0.84,0.79,46809327000.0,,,310854000.0,1270712000.0,3480013000.0,27113000.0,-3333747000.0,618929000.0,,4631000.0
OAK,2012-06-30,False,Q2,2012,10-Q,29207000.0,,24719000.0,0.84,0.84,0.55,44770769000.0,,,279311000.0,1254678000.0,2691146000.0,7132000.0,-2622976000.0,626429000.0,,3517000.0
OAK,2013-06-30,False,Q2,2013,10-Q,52414000.0,,56577000.0,1.71,1.71,1.41,43895417000.0,,,196151000.0,1613873000.0,4473782000.0,-570776000.0,-3935361000.0,591964000.0,,1389000.0
OAK,2013-09-30,False,Q3,2013,10-Q,56786000.0,,42948000.0,1.12,1.12,1.51,44701181000.0,,,304743000.0,1551507000.0,4663632000.0,-386114000.0,-4592345000.0,585714000.0,,3027000.0
OAK,2014-06-30,False,Q2,2014,10-Q,51560000.0,,31186000.0,0.72,0.72,0.98,51249837000.0,,,413864000.0,1772812000.0,-2425432000.0,248989000.0,2857953000.0,600000000.0,,2845000.0
OAK,2012-03-31,False,Q1,2012,10-Q,37068000.0,,18608000.0,0.82,0.82,0.42,45498028000.0,,,276420000.0,1202239000.0,2029108000.0,9064000.0,-1609219000.0,644643000.0,,2872000.0
OAK,2013-12-31,False,FY,2013,10-K,194922000.0,,221998000.0,6.35,6.35,0.0,45263254000.0,,,390721000.0,1708378000.0,5436017000.0,-417634000.0,-5312944000.0,579464000.0,,4609000.0
OAK,2014-03-31,False,Q1,2014,10-Q,40431000.0,,51794000.0,1.3,1.3,1.0,48429208000.0,,,563292000.0,1766187000.0,-984266000.0,295446000.0,1036870000.0,610714000.0,,1333000.0
OAK,2014-09-30,False,Q3,2014,10-Q,54243000.0,,18913000.0,0.43,0.43,0.55,52647451000.0,,,599995000.0,1850871000.0,-2874431000.0,168531000.0,3941561000.0,850000000.0,,4940000.0
OAK,2015-06-30,False,Q2,2015,10-Q,51487000.0,,19814000.0,0.41,0.41,0.64,55211819000.0,,,310741000.0,1888052000.0,-1273994000.0,-39279000.0,724314000.0,850000000.0,,16991000.0
OAK,2015-09-30,False,Q3,2015,10-Q,50491000.0,,1887000.0,0.04,0.04,0.5,54858051000.0,,,421712000.0,1821432000.0,-2168564000.0,-17379000.0,2093752000.0,850000000.0,,21069000.0
OAK,2015-03-31,False,Q1,2015,10-Q,394387000.0,,38253000.0,0.85,0.85,0.56,55037577000.0,,,437225000.0,1904545000.0,-1897858000.0,88821000.0,901077000.0,850000000.0,,12461000.0
OAK,2014-12-31,False,FY,2014,10-K,193894000.0,,126283000.0,2.97,2.97,3.15,53344062000.0,,,408296000.0,1840130000.0,-4326536000.0,-39729000.0,5092336000.0,850000000.0,,5005000.0
OAK,2015-12-31,False,FY,2015,10-K,201905000.0,,71349000.0,1.45,1.45,2.1,51811098000.0,,,480590000.0,1808094000.0,-943227000.0,-53630000.0,992269000.0,850000000.0,,23724000.0
OAK,2017-06-30,False,Q2,2017,10-Q,634055000.0,,117324000.0,1.83,1.83,0.71,8514401000.0,,,1201802000.0,2099673000.0,-73707000.0,299394000.0,1182000.0,738550000.0,69300000.0,14030000.0
OAK,2016-12-31,False,FY,2016,10-K,1125746000.0,,194705000.0,3.11,3.11,2.25,7649110000.0,,,959200000.0,1885171000.0,-317906000.0,-98587000.0,763327000.0,3054210000.0,69300000.0,70430000.0
OAK,2016-09-30,False,Q3,2016,10-Q,290230000.0,,58297000.0,0.93,0.93,0.58,7099376000.0,,,461389000.0,1814755000.0,-204297000.0,41492000.0,312298000.0,2840252000.0,69300000.0,67599000.0
OAK,2017-03-31,False,Q1,2017,10-Q,289585000.0,,54915000.0,0.87,0.87,0.63,8130360000.0,,,924011000.0,1923462000.0,-245574000.0,228304000.0,-14751000.0,575754000.0,69300000.0,4250000.0
OAK,2016-06-30,False,Q2,2016,10-Q,282716000.0,,49047000.0,0.78,0.78,0.55,6624875000.0,,,403417000.0,1744426000.0,-240507000.0,67664000.0,178706000.0,795958000.0,69300000.0,4159000.0
OAK,2016-03-31,False,Q1,2016,10-Q,254490000.0,,28078000.0,0.45,0.45,0.47,6358814000.0,,,342079000.0,1694260000.0,-328821000.0,83876000.0,221647000.0,845736000.0,69300000.0,1615000.0
OAK,2017-12-31,False,FY,2017,10-K,1469767000.0,,231494000.0,3.61,3.61,3.21,9014796000.0,,,959465000.0,2020617000.0,-336305000.0,342959000.0,-51032000.0,862401000.0,69300000.0,29413000.0
OAK,2018-06-30,False,Q2,2018,10-Q,457262000.0,,31121000.0,0.44,0.44,0.96,9051030000.0,,,846155000.0,2150416000.0,-28901000.0,-25991000.0,-45058000.0,863465000.0,69300000.0,1441000.0
OAK,2017-09-30,False,Q3,2017,10-Q,235032000.0,,45841000.0,0.71,0.71,1.31,8866899000.0,,,1236050000.0,2009269000.0,-238310000.0,499820000.0,-10681000.0,861871000.0,69300000.0,27036000.0
OAK,2018-03-31,False,Q1,2018,10-Q,337321000.0,,52732000.0,0.78,0.78,0.76,9122721000.0,,,1049331000.0,2057076000.0,147730000.0,80143000.0,-125750000.0,862934000.0,69300000.0,205000.0
OAK,2018-09-30,False,Q3,2018,10-Q,489240000.0,,52750000.0,0.74,0.74,0.55,9430049000.0,,,856061000.0,2422803000.0,-138569000.0,-263450000.0,309433000.0,863997000.0,69300000.0,3527000.0
