symbol,end_date,amend,period_focus,fiscal_year,doc_type,revenues,op_income,net_income,eps_basic,eps_diluted,dividend,assets,cur_assets,cur_liab,cash,equity,cash_flow_op,cash_flow_inv,cash_flow_fin,debt,goodwill,cap_ex
OAS,2018-12-31,False,FY,2018,10-K,2321947000.0,119012000.0,-35296000.0,-0.11,-0.11,0.0,7626142000.0,554155000.0,611776000.0,22190000.0,3918880000.0,996421000.0,-1613536000.0,622585000.0,2735276000.0,,1148961000.0
OAS,2016-12-31,False,FY,2016,10-K,704665000.0,-130833000.0,-243016000.0,-1.32,-1.32,0.0,6178632000.0,238549000.0,381115000.0,11226000.0,2923157000.0,228018000.0,-1070828000.0,844306000.0,2297214000.0,,426256000.0
OAS,2015-06-30,False,Q2,2015,10-Q,230046000.0,-7437000.0,-53230000.0,-0.39,-0.39,0.0,5783932000.0,377653000.0,545264000.0,13684000.0,2276932000.0,229886000.0,-374500000.0,112487000.0,155000000.0,,586661000.0
OAS,2016-06-30,False,Q2,2016,10-Q,179080000.0,-28214000.0,-89931000.0,-0.51,-0.51,0.0,5435539000.0,226237000.0,366071000.0,6475000.0,2360355000.0,91401000.0,-115413000.0,20757000.0,2127361000.0,,231341000.0
OAS,2016-03-31,False,Q1,2016,10-Q,130283000.0,-75215000.0,-64455000.0,-0.4,-0.4,0.0,5560268000.0,326363000.0,282463000.0,19397000.0,2444449000.0,-46051000.0,-30355000.0,86073000.0,2201938000.0,,103411000.0
OAS,2017-03-31,False,Q1,2017,10-Q,285116000.0,20092000.0,23825000.0,0.1,0.1,0.0,6189628000.0,269193000.0,352511000.0,13785000.0,2953474000.0,107799000.0,-104766000.0,-474000.0,2305879000.0,,96047000.0
OAS,2015-03-31,False,Q1,2015,10-Q,210478000.0,-33635000.0,-18041000.0,-0.17,-0.17,0.0,5916937000.0,546587000.0,642239000.0,10188000.0,2324245000.0,88361000.0,-250682000.0,126698000.0,165000000.0,,359113000.0
OAS,2016-09-30,False,Q3,2016,10-Q,177311000.0,-25702000.0,-33942000.0,-0.19,-0.19,0.0,5398261000.0,222845000.0,291143000.0,13776000.0,2387504000.0,123419000.0,-212171000.0,92798000.0,2125573000.0,,340314000.0
OAS,2015-09-30,False,Q3,2015,10-Q,197235000.0,-19926000.0,27055000.0,0.2,0.2,0.0,5725108000.0,363650000.0,415933000.0,12265000.0,2309482000.0,280337000.0,-450358000.0,136475000.0,180000000.0,,740633000.0
OAS,2017-06-30,False,Q2,2017,10-Q,254091000.0,5379000.0,16568000.0,0.07,0.07,0.0,6261721000.0,290207000.0,340682000.0,11440000.0,2977610000.0,209861000.0,-259141000.0,49494000.0,2359683000.0,,252461000.0
OAS,2015-12-31,False,FY,2015,10-K,789735000.0,-114164000.0,-40248000.0,-0.31,-0.31,0.0,5649375000.0,365286000.0,370568000.0,9730000.0,2319342000.0,359815000.0,-479148000.0,83252000.0,2200000000.0,,819847000.0
OAS,2018-03-31,False,Q1,2018,10-Q,421216000.0,112985000.0,590000.0,0.0,0.0,0.0,7638930000.0,418857000.0,670013000.0,17735000.0,3886158000.0,228359000.0,-812568000.0,585224000.0,2696533000.0,,254838000.0
OAS,2018-09-30,False,Q3,2018,10-Q,546448000.0,179045000.0,62341000.0,0.2,0.2,0.0,7416431000.0,483496000.0,816686000.0,16892000.0,3644083000.0,762001000.0,-1253703000.0,491874000.0,2633009000.0,,841088000.0
OAS,2018-06-30,False,Q2,2018,10-Q,501337000.0,-242674000.0,-320204000.0,-1.02,-1.02,0.0,7465335000.0,424955000.0,832515000.0,17072000.0,3574251000.0,532016000.0,-1156734000.0,625070000.0,2757500000.0,,536959000.0
OAS,2017-12-31,False,FY,2017,10-K,1248424000.0,143968000.0,123796000.0,0.53,0.52,0.0,6615130000.0,407835000.0,623480000.0,16720000.0,3513579000.0,507876000.0,-714760000.0,212378000.0,2097606000.0,,647349000.0
OAS,2017-09-30,False,Q3,2017,10-Q,304748000.0,32394000.0,-41214000.0,-0.18,-0.18,0.0,6391212000.0,322444000.0,421698000.0,8488000.0,3058645000.0,298737000.0,-442955000.0,141480000.0,2340613000.0,,443649000.0
OAS,2011-06-30,False,Q2,2011,10-Q,67206000.0,32414000.0,33349000.0,0.36,0.36,0.0,1180838000.0,505883000.0,124635000.0,300005000.0,579308000.0,102095000.0,-335024000.0,389414000.0,,,212267000.0
OAS,2011-09-30,False,Q3,2011,10-Q,87596000.0,40273000.0,66289000.0,0.72,0.72,0.0,1314376000.0,425455000.0,168877000.0,163601000.0,646615000.0,139682000.0,-509012000.0,389411000.0,,,386927000.0
OAS,2012-06-30,False,Q2,2012,10-Q,149064000.0,60185000.0,76043000.0,0.82,0.82,0.0,2036370000.0,442597000.0,355045000.0,238886000.0,729414000.0,171860000.0,-401894000.0,-1952000.0,,,440781000.0
OAS,2011-12-31,False,FY,2011,10-K,330422000.0,152567000.0,79390000.0,0.86,0.86,0.0,1727382000.0,623640000.0,182584000.0,470872000.0,634238000.0,176024000.0,-629390000.0,780718000.0,,,613223000.0
OAS,2012-09-30,False,Q3,2012,10-Q,184711000.0,72038000.0,18314000.0,0.2,0.2,0.0,2480901000.0,641706000.0,354953000.0,280303000.0,750364000.0,282128000.0,-863443000.0,390746000.0,,,777426000.0
OAS,2012-03-31,False,Q1,2012,10-Q,138566000.0,58150000.0,16441000.0,0.18,0.18,0.0,1813410000.0,455097000.0,231862000.0,287298000.0,651089000.0,62765000.0,-245133000.0,-1206000.0,,,269975000.0
OAS,2012-12-31,False,FY,2012,10-K,752972000.0,276993000.0,153388000.0,1.66,1.66,0.0,2528794000.0,492686000.0,330785000.0,213447000.0,795005000.0,392386000.0,-1038605000.0,388794000.0,,,1053315000.0
OAS,2013-06-30,False,Q2,2013,10-Q,254582000.0,113450000.0,67119000.0,0.73,0.72,0.0,2758144000.0,416087000.0,360765000.0,161601000.0,919213000.0,357807000.0,-406291000.0,-3362000.0,,,429296000.0
OAS,2013-03-31,False,Q1,2013,10-Q,278358000.0,117953000.0,51851000.0,0.56,0.56,0.0,2646718000.0,440510000.0,356891000.0,165989000.0,849107000.0,170547000.0,-217824000.0,-181000.0,,,217678000.0
OAS,2013-12-31,False,FY,2013,10-K,1141999000.0,504398000.0,227959000.0,2.45,2.44,0.0,4711924000.0,447606000.0,466418000.0,91901000.0,1348549000.0,697856000.0,-2445076000.0,1625674000.0,2200000000.0,,893524000.0
OAS,2013-09-30,False,Q3,2013,10-Q,305498000.0,150862000.0,54499000.0,0.59,0.59,0.0,4083383000.0,1423274000.0,424188000.0,125440000.0,975878000.0,536681000.0,-1761546000.0,1136858000.0,,,654175000.0
OAS,2014-06-30,False,Q2,2014,10-Q,372378000.0,166545000.0,38833000.0,0.39,0.39,0.0,5036979000.0,443228000.0,660709000.0,26957000.0,1564024000.0,486254000.0,-312052000.0,-239146000.0,100000000.0,,606924000.0
OAS,2014-03-31,False,Q1,2014,10-Q,349519000.0,329080000.0,169953000.0,1.71,1.7,0.0,4792084000.0,447808000.0,549582000.0,56298000.0,1519982000.0,208267000.0,34901000.0,-278771000.0,,,280895000.0
OAS,2014-12-31,False,FY,2014,10-K,1390228000.0,645652000.0,506877000.0,5.09,5.05,0.0,5938412000.0,696607000.0,795128000.0,45811000.0,1872301000.0,872516000.0,-1077452000.0,158846000.0,2200000000.0,,1354281000.0
OAS,2014-09-30,False,Q3,2014,10-Q,368659000.0,134103000.0,121587000.0,1.22,1.21,0.0,5457475000.0,531678000.0,669605000.0,67194000.0,1690087000.0,673492000.0,-707114000.0,8915000.0,350000000.0,,972763000.0
