symbol,end_date,amend,period_focus,fiscal_year,doc_type,revenues,op_income,net_income,eps_basic,eps_diluted,dividend,assets,cur_assets,cur_liab,cash,equity,cash_flow_op,cash_flow_inv,cash_flow_fin,debt,goodwill,cap_ex
OFG,2018-12-31,False,FY,2018,10-K,6480000.0,,72386000.0,1.59,1.52,0.25,6583352000.0,,,442103000.0,999877000.0,133355000.0,-488767000.0,317242000.0,570425000.0,86069000.0,11491000.0
OFG,2012-03-31,False,Q1,2012,10-Q,82889000.0,,9452000.0,0.23,0.23,0.06,6461355000.0,,,450033000.0,689290000.0,6148000.0,78223000.0,-235851000.0,,,431000.0
OFG,2011-06-30,False,Q2,2011,10-Q,99062000.0,,25267000.0,0.56,0.56,0.05,7082547000.0,,,278466000.0,724357000.0,-51101000.0,121288000.0,-238104000.0,,,2474000.0
OFG,2011-09-30,False,Q3,2011,10-Q,88850000.0,,15587000.0,0.35,0.35,0.05,7023288000.0,,,513905000.0,727916000.0,-45979000.0,451286000.0,-336907000.0,,,2984000.0
OFG,2011-12-31,False,FY,2011,10-K,328017000.0,,29648000.0,0.67,0.67,0.21,6693666000.0,,,601614000.0,695555000.0,-34291000.0,857852000.0,-667020000.0,,,3385000.0
OFG,2012-09-30,False,Q3,2012,10-Q,79338000.0,,14722000.0,0.36,0.35,0.06,6051205000.0,,,511478000.0,771687000.0,12650000.0,598567000.0,-687209000.0,0.0,2701000.0,1457000.0
OFG,2012-06-30,False,Q2,2012,10-Q,78000000000.0,,13758000000.0,0.34,0.34,0.06,6375648000.0,,,459917000.0,692202000.0,6407000000.0,193500000.0,-326815000.0,0.0,2701000000.0,1225000000.0
OFG,2012-12-31,False,FY,2012,10-K,24006000.0,,14616000.0,0.35,0.35,0.24,9193368000.0,,,855490000.0,863606000.0,50240000.0,2224388000.0,-1997420000.0,0.0,64021000.0,1927000.0
OFG,2013-03-31,False,FY,2013,10-Q,9256000.0,,17727000.0,0.39,0.37,0.06,8702551000.0,,,548770000.0,870242000.0,21415000.0,183385000.0,-512049000.0,,64021000.0,1711000.0
OFG,2013-06-30,False,FY,2013,10-Q,133604000.0,,34073000.0,0.75,0.68,0.06,8435934000.0,,,737330000.0,870924000.0,58941000.0,618920000.0,-798243000.0,1735131000.0,76383000.0,6237000.0
OFG,2014-03-31,False,FY,2014,10-Q,128352000.0,,20282000.0,0.45,0.42,0.08,7855638000.0,,,616984000.0,896491000.0,40644000.0,291210000.0,-328487000.0,1475753000.0,86069000.0,2532000.0
OFG,2014-06-30,False,FY,2014,10-Q,126407000.0,,17843000.0,0.4,0.38,0.08,7710145000.0,,,588257000.0,925202000.0,94853000.0,369687000.0,-489324000.0,1477107000.0,86069000.0,4100000.0
OFG,2013-12-31,False,FY,2013,10-K,1813000.0,,84584000.0,1.85,1.73,0.26,8158015000.0,,,696501000.0,884913000.0,173816000.0,787265000.0,-1126308000.0,1707434000.0,86069000.0,9120000.0
OFG,2013-09-30,False,Q3,2013,10-Q,562000.0,,16156000.0,0.35,0.34,0.06,8380225000.0,,,645869000.0,879726000.0,126465000.0,541071000.0,-878711000.0,1720121000.0,86069000.0,6747000.0
OFG,2014-09-30,False,FY,2014,10-Q,122792000.0,,16067000.0,0.36,0.34,0.08,7673339000.0,,,663462000.0,929998000.0,160576000.0,482295000.0,-592901000.0,1452077000.0,86069000.0,6626000.0
OFG,2014-12-31,False,FY,2014,10-K,502580000.0,,71319000.0,1.58,1.5,0.34,7449109000.0,,,568752000.0,942197000.0,175000000.0,559859000.0,-782701000.0,1420006000.0,86069000.0,7909000.0
OFG,2016-03-31,False,Q1,2016,10-Q,104809000.0,,10706000.0,0.24,0.24,0.06,6874572000.0,,,671952000.0,903801000.0,23478000.0,379410000.0,-261748000.0,1072716000.0,86069000.0,1922000.0
OFG,2015-09-30,False,FY,2015,10-Q,143224000.0,,1104000.0,0.03,0.03,0.1,7203822000.0,,,521460000.0,907888000.0,66813000.0,112280000.0,-226324000.0,1437705000.0,86069000.0,3402000.0
OFG,2015-12-31,False,FY,2015,10-K,459040000.0,,-16366000.0,-0.37,-0.37,0.36,7099149000.0,,,532010000.0,897077000.0,97082000.0,153042000.0,-286842000.0,1371534000.0,86069000.0,5283000.0
OFG,2016-06-30,False,Q2,2016,10-Q,103063000.0,,10873000.0,0.25,0.25,0.06,6712596000.0,,,511308000.0,915890000.0,31255000.0,394752000.0,-445668000.0,1037325000.0,86069000.0,3077000.0
OFG,2015-03-31,False,FY,2015,10-Q,113882000.0,,-6453000.0,-0.14,-0.14,0.1,7364156000.0,,,672744000.0,936379000.0,34165000.0,178850000.0,-107540000.0,1364611000.0,86069000.0,864000.0
OFG,2016-09-30,False,Q3,2016,10-Q,110799000.0,,11655000.0,0.27,0.26,0.06,6592113000.0,,,503805000.0,924934000.0,46812000.0,491498000.0,-565754000.0,800299000.0,86069000.0,3804000.0
OFG,2016-12-31,False,FY,2016,10-K,423411000.0,,45324000.0,1.03,1.03,0.24,6501824000.0,,,504833000.0,920411000.0,78512000.0,568061000.0,-672843000.0,795354000.0,86069000.0,5297000.0
OFG,2015-06-30,False,FY,2015,10-Q,94757000.0,,-6575000.0,-0.15,-0.15,0.1,7398325000.0,,,547740000.0,911599000.0,46507000.0,-16039000.0,-50360000.0,1598726000.0,86069000.0,1838000.0
OFG,2018-06-30,False,Q2,2018,10-Q,106709000.0,,16184000.0,0.36,0.35,0.06,6501562000.0,,,368344000.0,957819000.0,48461000.0,-456282000.0,297953000.0,552266000.0,86069000.0,3597000.0
OFG,2017-12-31,False,FY,2017,10-K,424334000.0,,38784000.0,0.88,0.88,0.24,6189053000.0,,,478182000.0,945107000.0,151440000.0,187304000.0,-363980000.0,328748000.0,86069000.0,6469000.0
OFG,2018-03-31,False,Q1,2018,10-Q,101684000.0,,13452000.0,0.31,0.3,0.06,6247121000.0,,,354930000.0,946849000.0,35401000.0,-218120000.0,59874000.0,354337000.0,86069000.0,1580000.0
OFG,2017-03-31,False,Q1,2017,10-Q,105252000.0,,11685000.0,0.27,0.26,0.06,6414607000.0,,,473586000.0,931429000.0,24999000.0,21653000.0,-76820000.0,672395000.0,86069000.0,1489000.0
OFG,2017-09-30,False,Q3,2017,10-Q,108267000.0,,-146000.0,0.0,0.0,0.06,6288217000.0,,,714196000.0,937630000.0,106055000.0,316834000.0,-212602000.0,419254000.0,86069000.0,4271000.0
OFG,2017-06-30,False,Q2,2017,10-Q,110826000.0,,13638000.0,0.3,0.3,0.06,6235826000.0,,,470841000.0,938969000.0,5635000.0,183011000.0,-221777000.0,627292000.0,86069000.0,3660000.0
OFG,2018-09-30,False,Q3,2018,10-Q,112757000.0,,19634000.0,0.45,0.42,0.06,6656674000.0,,,537945000.0,969886000.0,73627000.0,-457800000.0,442720000.0,488043000.0,86069000.0,8107000.0
