symbol,end_date,amend,period_focus,fiscal_year,doc_type,revenues,op_income,net_income,eps_basic,eps_diluted,dividend,assets,cur_assets,cur_liab,cash,equity,cash_flow_op,cash_flow_inv,cash_flow_fin,debt,goodwill,cap_ex
OHI,2012-06-30,False,Q2,2012,10-Q,83825000.0,51574000.0,30572000.0,0.29,0.29,0.42,2551862000.0,,,2861000.0,935675000.0,94424000.0,-17353000.0,-74561000.0,1489991000.0,,14207000.0
OHI,2011-03-31,False,Q1,2011,10-Q,70476000.0,14786000.0,-11076000.0,-0.11,-0.11,0.37,2257927000.0,,,3381000.0,895189000.0,38706000.0,-5667000.0,-36579000.0,,,4325000.0
OHI,2012-03-31,False,Q1,2012,10-Q,84515000.0,51465000.0,26084000.0,0.25,0.25,0.41,2538803000.0,,,2717000.0,882883000.0,49544000.0,10032000.0,-57210000.0,1530004000.0,,7985000.0
OHI,2012-09-30,False,Q3,2012,10-Q,87108000.0,53147000.0,30119000.0,0.28,0.27,0.42,2759440000.0,,,6951000.0,1020920000.0,156967000.0,-228187000.0,77820000.0,1588539000.0,,20106000.0
OHI,2010-12-31,False,FY,2010,10-K,258321000.0,148937000.0,49350000.0,0.52,0.52,1.37,2304007000.0,,,6921000.0,1004066000.0,157563000.0,-394815000.0,242003000.0,,,36025000.0
OHI,2013-06-30,False,Q2,2013,10-Q,102515000.0,64733000.0,49058000.0,0.42,0.42,0.46,2979796000.0,,,7039000.0,1137296000.0,121328000.0,-44957000.0,-71043000.0,1706665000.0,,17307000.0
OHI,2013-09-30,False,Q3,2013,10-Q,103301000.0,63325000.0,38137000.0,0.32,0.32,0.47,3014778000.0,,,67757000.0,1189998000.0,200050000.0,-69795000.0,-64209000.0,1700047000.0,,23732000.0
OHI,2018-12-31,False,FY,2018,10-K,881682000.0,497590000.0,281578000.0,1.41,1.4,0.66,8590877000.0,,,10300000.0,3764484000.0,499373000.0,-173219000.0,-410701000.0,4540622000.0,643950000.0,29824000.0
OHI,2013-03-31,False,Q1,2013,10-Q,101761000.0,64471000.0,38120000.0,0.34,0.34,0.45,3004641000.0,,,25611000.0,1105754000.0,57600000.0,-11456000.0,-22244000.0,1765694000.0,,8328000.0
OHI,2011-09-30,False,Q3,2011,10-Q,72818000.0,43406000.0,21436000.0,0.21,0.21,0.4,2231665000.0,,,10730000.0,897845000.0,129018000.0,-20026000.0,-105183000.0,1218910000.0,,12012000.0
OHI,2014-03-31,False,Q1,2014,10-Q,121001000.0,82981000.0,55829000.0,0.45,0.45,0.49,3578925000.0,,,20374000.0,1355347000.0,78056000.0,-120383000.0,60085000.0,2091122000.0,,3334000.0
OHI,2013-12-31,False,FY,2013,10-K,418714000.0,265679000.0,172521000.0,1.47,1.46,1.86,3462216000.0,,,2616000.0,1300103000.0,279949000.0,-598831000.0,319787000.0,2024418000.0,,31347000.0
OHI,2012-12-31,False,FY,2012,10-K,350460000.0,214966000.0,120698000.0,1.12,1.12,1.69,2982005000.0,,,1711000.0,1011329000.0,208271000.0,-390703000.0,183792000.0,1824932000.0,,29436000.0
OHI,2011-06-30,False,Q2,2011,10-Q,72606000.0,38553000.0,17790000.0,0.17,0.17,0.38,2240979000.0,,,4996000.0,902089000.0,77152000.0,-13329000.0,-65748000.0,1227931000.0,,8118000.0
OHI,2011-12-31,False,FY,2011,10-K,292204000.0,137795000.0,47459000.0,0.46,0.46,1.55,2557312000.0,,,351000.0,878484000.0,169771000.0,-257640000.0,81299000.0,1551400000.0,,19597000.0
OHI,2010-09-30,False,Q3,2010,10-Q,69724000.0,37048000.0,14736000.0,0.15,0.15,0.36,2293558000.0,,,1192000.0,1021083000.0,110444000.0,-368785000.0,257363000.0,,,25658000.0
OHI,2010-06-30,False,Q2,2010,10-Q,58805000.0,34538000.0,13237000.0,0.14,0.14,0.32,2296445000.0,,,1957000.0,961081000.0,65938000.0,-359917000.0,293766000.0,,,17003000.0
OHI,2014-06-30,False,Q2,2014,10-Q,121800000.0,79838000.0,46817000.0,0.37,0.37,0.5,3889359000.0,,,28689000.0,1383795000.0,166755000.0,-440293000.0,299611000.0,2359613000.0,,8362000.0
OHI,2014-09-30,False,Q3,2014,10-Q,130665000.0,92221000.0,61713000.0,0.48,0.48,0.51,3857502000.0,,,452000.0,1406377000.0,259594000.0,-460964000.0,199206000.0,2301380000.0,,12684000.0
OHI,2015-09-30,False,Q3,2015,10-Q,201974000.0,126072000.0,79402000.0,0.43,0.43,0.55,8593483000.0,,,15319000.0,4064651000.0,322804000.0,-350751000.0,38886000.0,4244917000.0,554749000.0,18154000.0
OHI,2015-12-31,False,FY,2015,10-K,743617000.0,411269000.0,224524000.0,1.3,1.29,2.18,8019009000.0,,,5424000.0,4100865000.0,463885000.0,-397411000.0,-65316000.0,3569086000.0,645683000.0,26397000.0
OHI,2014-12-31,False,FY,2014,10-K,504787000.0,345311000.0,221349000.0,1.75,1.74,2.02,3921645000.0,,,4489000.0,1401327000.0,337540000.0,-547945000.0,212278000.0,2378503000.0,,17917000.0
OHI,2017-06-30,False,Q2,2017,10-Q,235797000.0,141079000.0,65257000.0,0.33,0.33,0.63,8946654000.0,,,21031000.0,4175510000.0,265586000.0,-135853000.0,-202551000.0,4429887000.0,644184000.0,16861000.0
OHI,2015-03-31,False,Q1,2015,10-Q,133420000.0,85948000.0,43052000.0,0.32,0.32,0.89,4598020000.0,,,700143000.0,1770953000.0,103294000.0,-18527000.0,610887000.0,2627376000.0,,5604000.0
OHI,2016-06-30,False,Q2,2016,10-Q,228824000.0,142244000.0,108052000.0,0.57,0.57,0.58,8606498000.0,,,32959000.0,4101930000.0,286895000.0,-708968000.0,449810000.0,4162297000.0,644481000.0,21812000.0
OHI,2016-03-31,False,Q1,2016,10-Q,212879000.0,96538000.0,55555000.0,0.3,0.29,0.57,8615452000.0,,,9407000.0,4052533000.0,127179000.0,-673780000.0,550689000.0,4219192000.0,645568000.0,9544000.0
OHI,2016-09-30,False,Q3,2016,10-Q,224638000.0,124313000.0,78549000.0,0.4,0.4,0.6,8982363000.0,,,32567000.0,4175191000.0,457237000.0,-1134865000.0,704702000.0,4433639000.0,644129000.0,31408000.0
OHI,2017-03-31,True,Q1,2017,10-Q,231744000.0,139226000.0,104440000.0,0.53,0.53,0.62,8842118000.0,,,40349000.0,4214522000.0,113938000.0,16351000.0,-183789000.0,4300865000.0,643692000.0,8199000.0
OHI,2017-03-31,False,Q1,2017,10-Q,231744000.0,139226000.0,104440000.0,0.53,0.53,0.62,8842118000.0,,,40349000.0,4214522000.0,113938000.0,16351000.0,-183789000.0,4300865000.0,643692000.0,8199000.0
OHI,2016-12-31,True,FY,2016,10-K,900827000.0,509745000.0,366415000.0,1.91,1.9,2.36,8949260000.0,,,93687000.0,4211986000.0,625791000.0,-1113908000.0,576296000.0,4366854000.0,643474000.0,40471000.0
OHI,2017-09-30,False,Q3,2017,10-Q,219638000.0,-88242000.0,-131678000.0,-0.67,-0.67,0.64,8890646000.0,,,24318000.0,3942839000.0,430261000.0,-400048000.0,-99991000.0,4644528000.0,644571000.0,25293000.0
OHI,2015-06-30,False,Q2,2015,10-Q,197711000.0,74254000.0,41428000.0,0.23,0.22,0.18,7813676000.0,,,25154000.0,4077316000.0,193092000.0,-124704000.0,-47764000.0,3447924000.0,543093000.0,112000000.0
OHI,2016-12-31,False,FY,2016,10-K,900827000.0,509745000.0,366415000.0,1.91,1.9,2.36,8949260000.0,,,93687000.0,4211986000.0,625791000.0,-1113908000.0,576296000.0,4366854000.0,643474000.0,40471000.0
OHI,2017-12-31,False,FY,2017,10-K,908385000.0,261262000.0,100419000.0,0.51,0.51,0.62,8773305000.0,,,85937000.0,3888258000.0,577912000.0,-285133000.0,-303815000.0,4572158000.0,644690000.0,37766000.0
OHI,2018-06-30,False,Q2,2018,10-Q,219881000.0,135568000.0,78536000.0,0.39,0.39,0.66,8574139000.0,,,10951000.0,3854315000.0,217166000.0,-6250000.0,-294056000.0,4448057000.0,644369000.0,19183000.0
OHI,2018-03-31,False,Q1,2018,10-Q,220199000.0,120635000.0,84220000.0,0.42,0.42,0.66,8792629000.0,,,71231000.0,3870400000.0,52900000.0,-1447000.0,-69539000.0,4643679000.0,645214000.0,9596000.0
OHI,2018-09-30,False,Q3,2018,10-Q,221852000.0,116033000.0,56606000.0,0.28,0.28,0.0,8641964000.0,,,9768000.0,3785966000.0,348465000.0,-150552000.0,-283106000.0,4588240000.0,644201000.0,24425000.0
