symbol,end_date,amend,period_focus,fiscal_year,doc_type,revenues,op_income,net_income,eps_basic,eps_diluted,dividend,assets,cur_assets,cur_liab,cash,equity,cash_flow_op,cash_flow_inv,cash_flow_fin,debt,goodwill,cap_ex
OI,2011-12-31,False,FY,2011,10-K,7358000000.0,,-510000000.0,-3.11,-3.11,0.0,8926000000.0,2694000000.0,2245000000.0,400000000.0,992000000.0,503000000.0,-426000000.0,-323000000.0,3703000000.0,2082000000.0,285000000.0
OI,2010-03-31,False,Q1,2010,10-Q,1582500000.0,,85300000.0,0.51,0.5,0.0,8371700000.0,2536700000.0,1898600000.0,521400000.0,1686600000.0,24500000.0,-122100000.0,-189300000.0,,2346700000.0,96800000.0
OI,2011-06-30,False,Q2,2011,10-Q,1959000000.0,,73000000.0,0.44,0.43,0.0,10144000000.0,2751000000.0,2192000000.0,260000000.0,2290000000.0,94000000.0,-300000000.0,-188000000.0,4005000000.0,2957000000.0,153000000.0
OI,2018-12-31,False,FY,2018,10-K,6877000000.0,,257000000.0,1.61,1.59,0.05,9699000000.0,2357000000.0,2207000000.0,512000000.0,900000000.0,791000000.0,-698000000.0,-53000000.0,,2513000000.0,536000000.0
OI,2010-12-31,False,FY,2010,10-K,6633000000.0,,-47000000.0,-0.29,-0.28,0.0,9754000000.0,2738000000.0,2079000000.0,640000000.0,2026000000.0,592000000.0,-1314000000.0,547000000.0,4021000000.0,2821000000.0,500000000.0
OI,2010-09-30,False,Q3,2010,10-Q,1741200000.0,,138300000.0,0.85,0.84,0.0,9883200000.0,2965600000.0,2155900000.0,700200000.0,2156100000.0,405000000.0,-1144700000.0,628300000.0,4072000000.0,2744300000.0,391600000.0
OI,2011-09-30,False,Q3,2011,10-Q,1862000000.0,,116000000.0,0.71,0.7,0.0,9552000000.0,2639000000.0,2113000000.0,256000000.0,2094000000.0,280000000.0,-351000000.0,-316000000.0,3793000000.0,2762000000.0,204000000.0
OI,2012-03-31,False,Q1,2012,10-Q,1739000000.0,,121000000.0,0.73,0.72,0.0,9161000000.0,2865000000.0,2116000000.0,299000000.0,1295000000.0,-95000000.0,-67000000.0,45000000.0,3811000000.0,2127000000.0,73000000.0
OI,2013-03-31,False,Q1,2013,10-Q,1641000000.0,,69000000.0,0.42,0.42,0.0,8517000000.0,2683000000.0,1929000000.0,359000000.0,1155000000.0,-136000000.0,-94000000.0,159000000.0,,2048000000.0,94000000.0
OI,2012-09-30,False,Q3,2012,10-Q,1747000000.0,,90000000.0,0.54,0.54,0.0,8871000000.0,2788000000.0,2038000000.0,336000000.0,1436000000.0,227000000.0,-125000000.0,-179000000.0,,2065000000.0,178000000.0
OI,2012-12-31,False,FY,2012,10-K,7000000000.0,,184000000.0,1.12,1.11,0.0,8598000000.0,2648000000.0,2162000000.0,431000000.0,1055000000.0,575000000.0,-221000000.0,-339000000.0,,2079000000.0,290000000.0
OI,2012-06-30,False,Q2,2012,10-Q,1766000000.0,,133000000.0,0.81,0.8,0.0,8834000000.0,2847000000.0,2114000000.0,336000000.0,1244000000.0,4000000.0,-100000000.0,27000000.0,3668000000.0,2023000000.0,124000000.0
OI,2011-03-31,False,Q1,2011,10-Q,1719000000.0,,72000000.0,0.44,0.44,0.0,9976000000.0,2785000000.0,2077000000.0,430000000.0,2181000000.0,-85000000.0,-67000000.0,-65000000.0,4126000000.0,2900000000.0,73000000.0
OI,2013-09-30,False,Q3,2013,10-Q,1784000000.0,,130000000.0,0.79,0.78,0.0,8472000000.0,2672000000.0,2087000000.0,219000000.0,1377000000.0,242000000.0,-249000000.0,-198000000.0,,2059000000.0,239000000.0
OI,2013-06-30,False,Q2,2013,10-Q,1781000000.0,,132000000.0,0.8,0.79,0.0,8410000000.0,2693000000.0,2119000000.0,249000000.0,1194000000.0,17000000.0,-162000000.0,-29000000.0,,2031000000.0,164000000.0
OI,2010-06-30,False,Q2,2010,10-Q,1710900000.0,,140700000.0,0.86,0.85,0.0,8358200000.0,2728000000.0,1919000000.0,682300000.0,1743700000.0,174600000.0,-261700000.0,-22200000.0,3244200000.0,2221700000.0,236500000.0
OI,2009-09-30,False,Q3,2009,10-Q,1874600000.0,,126700000.0,0.75,0.74,0.0,9119800000.0,3245500000.0,2099500000.0,1017100000.0,2000100000.0,579400000.0,-193100000.0,219300000.0,,2382300000.0,193700000.0
OI,2009-06-30,False,Q2,2009,10-Q,1807000000.0,,149300000.0,0.89,0.88,0.0,8614200000.0,2917400000.0,1957900000.0,677200000.0,1680500000.0,183200000.0,-118300000.0,225300000.0,,2290800000.0,124100000.0
OI,2015-03-31,False,Q1,2015,10-Q,1421000000.0,,71000000.0,0.44,0.44,0.0,7326000000.0,2199000000.0,2116000000.0,257000000.0,1028000000.0,-278000000.0,-157000000.0,207000000.0,,1752000000.0,106000000.0
OI,2014-03-31,False,Q1,2014,10-Q,1639000000.0,,101000000.0,0.61,0.61,0.0,8488000000.0,2577000000.0,2082000000.0,201000000.0,1760000000.0,-203000000.0,-95000000.0,122000000.0,,2059000000.0,108000000.0
OI,2009-12-31,False,FY,2009,10-K,7066500000.0,,161800000.0,0.96,0.95,0.0,8727400000.0,2796700000.0,2034300000.0,811700000.0,1736400000.0,800000000.0,-418000000.0,114200000.0,,2381000000.0,427600000.0
OI,2013-12-31,False,FY,2013,10-K,6967000000.0,,184000000.0,1.11,1.11,0.0,8419000000.0,2550000000.0,2254000000.0,383000000.0,1603000000.0,682000000.0,-402000000.0,-321000000.0,,2059000000.0,361000000.0
OI,2014-06-30,False,Q2,2014,10-Q,1797000000.0,,114000000.0,0.69,0.68,0.0,8591000000.0,2648000000.0,2838000000.0,194000000.0,1922000000.0,-33000000.0,-178000000.0,26000000.0,,2065000000.0,196000000.0
OI,2015-06-30,False,Q2,2015,10-Q,1543000000.0,,40000000.0,0.25,0.25,0.0,7618000000.0,2385000000.0,2139000000.0,378000000.0,1095000000.0,-112000000.0,-254000000.0,252000000.0,,1789000000.0,208000000.0
OI,2014-09-30,False,Q3,2014,10-Q,1745000000.0,,60000000.0,0.37,0.37,0.0,8158000000.0,2523000000.0,2788000000.0,264000000.0,1823000000.0,187000000.0,-267000000.0,-29000000.0,,1960000000.0,290000000.0
OI,2015-09-30,False,Q3,2015,10-Q,1566000000.0,,17000000.0,0.1,0.1,0.0,9554000000.0,2488000000.0,1924000000.0,270000000.0,878000000.0,103000000.0,-2638000000.0,2322000000.0,,2797000000.0,299000000.0
OI,2015-12-31,False,FY,2015,10-K,6156000000.0,,-74000000.0,-0.47,-0.47,0.0,9421000000.0,2334000000.0,2122000000.0,399000000.0,574000000.0,608000000.0,-2748000000.0,2057000000.0,,2489000000.0,402000000.0
OI,2014-12-31,False,FY,2014,10-K,6784000000.0,,75000000.0,0.46,0.45,0.0,7858000000.0,2371000000.0,2328000000.0,512000000.0,1275000000.0,675000000.0,-455000000.0,-70000000.0,,1893000000.0,369000000.0
OI,2016-06-30,False,Q2,2016,10-Q,1760000000.0,,105000000.0,0.65,0.64,0.0,9667000000.0,2574000000.0,1995000000.0,334000000.0,458000000.0,-110000000.0,-190000000.0,238000000.0,,2536000000.0,207000000.0
OI,2016-03-31,False,Q1,2016,10-Q,1588000000.0,,67000000.0,0.41,0.41,0.0,9688000000.0,2476000000.0,1886000000.0,239000000.0,416000000.0,-302000000.0,-133000000.0,276000000.0,,2532000000.0,117000000.0
OI,2015-12-31,True,FY,2015,10-K,6156000000.0,,135000000.0,0.83,0.82,0.0,9421000000.0,2334000000.0,2122000000.0,399000000.0,279000000.0,608000000.0,-2748000000.0,2057000000.0,,2489000000.0,402000000.0
OI,2016-09-30,False,Q3,2016,10-Q,1712000000.0,,108000000.0,0.66,0.66,0.0,9497000000.0,2442000000.0,2033000000.0,294000000.0,515000000.0,220000000.0,-282000000.0,-39000000.0,,2534000000.0,310000000.0
OI,2016-12-31,False,FY,2016,10-K,6702000000.0,,209000000.0,1.29,1.28,0.0,9135000000.0,2254000000.0,2060000000.0,492000000.0,363000000.0,751000000.0,-417000000.0,-228000000.0,,2462000000.0,454000000.0
OI,2017-03-31,False,Q1,2017,10-Q,1615000000.0,,49000000.0,0.3,0.3,0.0,9459000000.0,2419000000.0,1859000000.0,312000000.0,616000000.0,-337000000.0,-114000000.0,257000000.0,,2524000000.0,98000000.0
OI,2017-06-30,False,Q2,2017,10-Q,1751000000.0,,140000000.0,0.86,0.85,0.0,9780000000.0,2554000000.0,2015000000.0,335000000.0,779000000.0,-156000000.0,-205000000.0,185000000.0,,2588000000.0,186000000.0
OI,2017-09-30,False,Q3,2017,10-Q,1791000000.0,,126000000.0,0.77,0.76,0.0,9999000000.0,2667000000.0,2177000000.0,339000000.0,939000000.0,37000000.0,-200000000.0,-14000000.0,,2621000000.0,292000000.0
OI,2018-03-31,False,Q1,2018,10-Q,1736000000.0,224000000.0,98000000.0,0.6,0.59,0.0,10281000000.0,2768000000.0,2078000000.0,418000000.0,1119000000.0,-370000000.0,-160000000.0,443000000.0,,2649000000.0,142000000.0
OI,2018-06-30,False,Q2,2018,10-Q,1772000000.0,255000000.0,50000000.0,0.31,0.31,0.0,9818000000.0,2624000000.0,2170000000.0,365000000.0,899000000.0,-151000000.0,-287000000.0,322000000.0,,2533000000.0,273000000.0
OI,2018-09-30,False,Q3,2018,10-Q,1734000000.0,255000000.0,120000000.0,0.75,0.75,0.0,9940000000.0,2664000000.0,2019000000.0,440000000.0,1067000000.0,98000000.0,-421000000.0,285000000.0,,2549000000.0,383000000.0
OI,2017-12-31,False,FY,2017,10-K,6869000000.0,,180000000.0,1.11,1.1,0.0,9756000000.0,2420000000.0,2280000000.0,492000000.0,927000000.0,721000000.0,-351000000.0,-392000000.0,,2590000000.0,441000000.0
