symbol,end_date,amend,period_focus,fiscal_year,doc_type,revenues,op_income,net_income,eps_basic,eps_diluted,dividend,assets,cur_assets,cur_liab,cash,equity,cash_flow_op,cash_flow_inv,cash_flow_fin,debt,goodwill,cap_ex
OZM,2018-09-30,False,Q3,2018,10-Q,93827000.0,,-14537000.0,-0.08,-0.08,0.02,1421698000.0,,,195041000.0,-24798000.0,147781000.0,-255601000.0,-166652000.0,290127000.0,22691000.0,3596000.0
OZM,2016-09-30,False,Q3,2016,10-Q,148105000.0,,14285000.0,0.08,0.05,0.0,1388257000.0,,,430470000.0,-272305000.0,89243000.0,-30232000.0,117389000.0,561757000.0,22691000.0,7559000.0
OZM,2015-09-30,False,Q3,2015,10-Q,325903000.0,,17417000.0,0.1,0.06,0.14,10494103000.0,,,311345000.0,1427982000.0,412199000.0,-38599000.0,-312858000.0,449655000.0,22691000.0,36118000.0
OZM,2015-03-31,False,Q1,2015,10-Q,332851000.0,,25871000.0,0.15,0.14,0.47,9676417000.0,,,283211000.0,1617798000.0,149268000.0,-20485000.0,-96175000.0,451187000.0,22691000.0,20315000.0
OZM,2016-03-31,False,Q1,2016,10-Q,188442000.0,,-69356000.0,-0.38,-0.38,0.0,1255312000.0,,,228726000.0,-203300000.0,-7562000.0,-13761000.0,-4021000.0,442628000.0,22691000.0,1331000.0
OZM,2017-06-30,False,Q2,2017,10-Q,148946000.0,,13098000.0,0.07,0.07,0.02,1624382000.0,,,275865000.0,-235056000.0,-69371000.0,-66123000.0,81546000.0,429202000.0,22691000.0,3292000.0
OZM,2015-12-31,False,FY,2015,10-K,1322981000.0,,25740000.0,0.14,0.14,0.87,10691456000.0,,,254070000.0,1240568000.0,442279000.0,-27770000.0,-411042000.0,448882000.0,22691000.0,43801000.0
OZM,2015-06-30,False,Q2,2015,10-Q,321399000.0,,4760000.0,0.03,0.03,0.22,10246227000.0,,,279357000.0,1521005000.0,168265000.0,-31934000.0,-107577000.0,450427000.0,22691000.0,31686000.0
OZM,2017-09-30,False,Q3,2017,10-Q,131999000.0,,5726000.0,0.03,0.03,0.02,1543373000.0,,,317917000.0,-207284000.0,-356846000.0,-186450000.0,531400000.0,541016000.0,22691000.0,3857000.0
OZM,2018-06-30,False,Q2,2018,10-Q,109766000.0,,-12256000.0,-0.06,-0.06,0.02,1282504000.0,,,183968000.0,-1453000.0,208452000.0,-200811000.0,-293186000.0,307567000.0,22691000.0,2360000.0
OZM,2014-12-31,False,FY,2014,10-K,1542284000.0,,142445000.0,0.82,0.8,1.72,9302886000.0,,,250603000.0,1692077000.0,950383000.0,-103278000.0,-786476000.0,447887000.0,22691000.0,26259000.0
OZM,2016-12-31,False,FY,2016,10-K,770364000.0,,-130762000.0,-0.72,-0.73,0.0,1485555000.0,,,329813000.0,-294092000.0,-281462000.0,-16458000.0,373663000.0,577128000.0,22691000.0,8808000.0
OZM,2018-03-31,False,Q1,2018,10-Q,128410000.0,,3490000.0,0.02,0.02,0.07,1585601000.0,,,609240000.0,21362000.0,159939000.0,-70277000.0,50065000.0,632693000.0,22691000.0,1205000.0
OZM,2017-12-31,False,FY,2017,10-K,858337000.0,,18222000.0,0.1,0.1,0.07,1639433000.0,,,469513000.0,-95929000.0,-283678000.0,-118351000.0,541729000.0,569379000.0,22691000.0,4990000.0
OZM,2017-03-31,False,Q1,2017,10-Q,139152000.0,,-7164000.0,-0.04,-0.04,0.01,1306549000.0,,,351810000.0,-284015000.0,-7742000.0,53550000.0,-23811000.0,410612000.0,22691000.0,1335000.0
OZM,2016-06-30,False,Q2,2016,10-Q,152558000.0,,-78571000.0,-0.43,-0.44,0.0,1375068000.0,,,368161000.0,-376479000.0,21708000.0,-24280000.0,116663000.0,562204000.0,22691000.0,6244000.0
OZM,2011-06-30,False,Q2,2011,10-Q,147285000.0,,-93362000.0,-0.96,-0.96,0.13,1863086000.0,,,168197000.0,302699000.0,352952000.0,-478000.0,-301854000.0,635081000.0,22691000.0,1088000.0
OZM,2012-03-31,False,Q1,2012,10-Q,140924000.0,,-122744000.0,-0.87,-0.87,0.04,2141280000.0,,,149667000.0,799890000.0,-31893000.0,-551000.0,33100000.0,381793000.0,22691000.0,312000.0
OZM,2011-03-31,False,Q1,2011,10-Q,138408000.0,,-95464000.0,-0.99,-0.99,0.71,1804060000.0,,,157569000.0,231385000.0,325097000.0,-3375000.0,-281730000.0,637612000.0,,2834000.0
OZM,2011-12-31,False,FY,2011,10-K,616424000.0,,-418990000.0,-4.07,-4.07,1.07,2044103000.0,,,149011000.0,632365000.0,368442000.0,-3132000.0,-333876000.0,383685000.0,22691000.0,2363000.0
OZM,2012-06-30,False,Q2,2012,10-Q,178422000.0,,-116242000.0,-0.82,-0.82,0.1,2340179000.0,,,171207000.0,919615000.0,-30316000.0,-1339000.0,53851000.0,389990000.0,22691000.0,312000.0
OZM,2012-09-30,False,Q3,2012,10-Q,167973000.0,,-127509000.0,-0.89,-0.89,0.14,2633589000.0,,,185333000.0,1179199000.0,-148124000.0,-1126000.0,185572000.0,389015000.0,22691000.0,480000.0
OZM,2011-09-30,False,Q3,2011,10-Q,149405000.0,,-93124000.0,-0.93,-0.96,0.14,1951377000.0,,,170871000.0,384179000.0,361772000.0,-1765000.0,-306713000.0,633206000.0,22691000.0,1782000.0
OZM,2012-12-31,False,FY,2012,10-K,1211397000.0,,-315826000.0,-2.21,-2.21,0.4,3535065000.0,,,162485000.0,1848584000.0,-341177000.0,-2798000.0,357449000.0,388043000.0,22691000.0,2248000.0
OZM,2013-12-31,False,FY,2013,10-K,1895923000.0,,261767000.0,1.68,1.62,1.42,6869274000.0,,,189974000.0,2215024000.0,1058919000.0,-4041000.0,-1027389000.0,384177000.0,22691000.0,
OZM,2013-03-31,False,Q1,2013,10-Q,270370000.0,,26069000.0,0.17,0.17,0.75,3162212000.0,,,225072000.0,1592927000.0,581249000.0,-1971000.0,-516691000.0,387073000.0,22691000.0,802000.0
OZM,2013-06-30,False,Q2,2013,10-Q,207836000.0,,4897000.0,0.03,0.03,0.28,3322566000.0,,,242181000.0,1671146000.0,657006000.0,-137000.0,-577173000.0,386105000.0,22691000.0,1526000.0
OZM,2013-09-30,False,Q3,2013,10-Q,256871000.0,,24895000.0,0.16,0.14,0.14,3400026000.0,,,283241000.0,1708612000.0,872820000.0,-18115000.0,-733949000.0,385140000.0,22691000.0,2864000.0
OZM,2014-06-30,False,Q2,2014,10-Q,262469000.0,,10716000.0,0.06,0.05,0.23,7929035000.0,,,336925000.0,1740185000.0,643636000.0,-40715000.0,-455970000.0,416918000.0,22691000.0,
OZM,2014-03-31,False,Q1,2014,10-Q,285480000.0,,23852000.0,0.14,0.14,1.12,6357921000.0,,,311181000.0,1709693000.0,606103000.0,-33360000.0,-451536000.0,399216000.0,22691000.0,
OZM,2014-09-30,False,Q3,2014,10-Q,306685000.0,,23202000.0,0.13,0.09,0.17,8578519000.0,,,367196000.0,1730504000.0,815794000.0,-62548000.0,-576024000.0,431962000.0,22691000.0,18435000.0
