symbol,end_date,amend,period_focus,fiscal_year,doc_type,revenues,op_income,net_income,eps_basic,eps_diluted,dividend,assets,cur_assets,cur_liab,cash,equity,cash_flow_op,cash_flow_inv,cash_flow_fin,debt,goodwill,cap_ex
PRSP,2011-09-30,False,Q3,2011,10-Q,107770000.0,,36373000.0,0.78,0.77,0.0,9567087000.0,,,211555000.0,1541339000.0,182376000.0,-91338000.0,-38852000.0,467948000.0,924537000.0,7621000.0
PRSP,2011-03-31,False,Q1,2011,10-Q,107276000.0,,33878000.0,0.72,0.72,0.175,9722947000.0,,,146038000.0,1480498000.0,73756000.0,-280521000.0,193435000.0,,924537000.0,2288000.0
PRSP,2012-03-31,False,Q1,2012,10-Q,105561000.0,,36487000.0,0.77,0.77,0.195,10889955000.0,,,151912000.0,1609533000.0,50111000.0,-1036452000.0,924811000.0,487975000.0,929161000.0,2264000.0
PRSP,2010-09-30,False,Q3,2010,10-Q,109901000.0,,32166000.0,0.69,0.69,0.0,9238502000.0,,,141231000.0,1429570000.0,148685000.0,385958000.0,-588729000.0,,923933000.0,12253000.0
PRSP,2010-06-30,False,Q2,2010,10-Q,112654000.0,,31746000.0,0.68,0.68,0.0,9608822000.0,,,149218000.0,1404134000.0,90855000.0,42710000.0,-179664000.0,,921484000.0,11510000.0
PRSP,2012-06-30,False,Q2,2012,10-Q,106530000.0,,36972000.0,0.78,0.78,0.0,10737351000.0,,,152563000.0,1643817000.0,84981000.0,-853048000.0,707188000.0,,932965000.0,6546000.0
PRSP,2011-06-30,False,Q2,2011,10-Q,109182000.0,,35092000.0,0.75,0.75,0.0,9657147000.0,,,146260000.0,1511648000.0,110650000.0,-222231000.0,98473000.0,460520000.0,924537000.0,5528000.0
PB,2018-12-31,False,FY,2018,10-K,843221000.0,,321812000.0,4.61,4.61,1.49,22693402000.0,,,411127000.0,4052824000.0,320146000.0,-118952000.0,-182380000.0,1315846000.0,1900845000.0,15115000.0
PB,2013-03-31,False,Q1,2013,10-Q,141472000.0,,49305000.0,0.87,0.86,0.215,15081314000.0,,,181412000.0,2149455000.0,112778000.0,-500471000.0,242801000.0,,1235743000.0,1588000.0
PRSP,2011-12-31,False,FY,2011,10-K,427951000.0,,141749000.0,3.03,3.01,0.72,9822671000.0,,,213442000.0,1567265000.0,217869000.0,-365300000.0,201505000.0,463617000.0,924537000.0,9480000.0
PB,2012-09-30,False,Q3,2012,10-Q,141461000.0,,46176000.0,0.83,0.82,0.195,13712119000.0,,,207703000.0,2038176000.0,200697000.0,-611882000.0,405446000.0,,1200098000.0,7924000.0
PB,2013-06-30,False,Q2,2013,10-Q,154576000.0,,53844000.0,0.89,0.89,0.0,16270718000.0,,,251148000.0,2345282000.0,167830000.0,-366700000.0,123714000.0,,1350834000.0,13626000.0
PB,2013-09-30,False,Q3,2013,10-Q,157767000.0,,55278000.0,0.92,0.91,0.0,16054279000.0,,,271108000.0,2389112000.0,248683000.0,-138534000.0,-165345000.0,,1351782000.0,20937000.0
PB,2012-12-31,False,FY,2012,10-K,495377000.0,,167901000.0,3.24,3.23,0.8,14583573000.0,,,326304000.0,2089389000.0,209814000.0,-1201735000.0,1104783000.0,,1217162000.0,12441000.0
PB,2013-12-31,False,FY,2013,10-K,634724000.0,,221398000.0,3.66,3.65,0.89,18642028000.0,,,381390000.0,2786818000.0,307657000.0,8850000.0,-261421000.0,,1671520000.0,24007000.0
PRSP,2010-12-31,False,FY,2010,10-K,438370000.0,,127708000.0,2.74,2.73,0.64,9476572000.0,,,159368000.0,1452339000.0,177696000.0,151952000.0,-365597000.0,,924258000.0,13136000.0
PB,2014-03-31,False,Q1,2014,10-Q,182852000.0,,67137000.0,1.01,1.01,0.24,18913133000.0,,,350242000.0,2840754000.0,112679000.0,-313038000.0,169211000.0,,1672004000.0,2478000.0
PB,2015-03-31,False,Q1,2015,10-Q,202026000.0,,73641000.0,1.05,1.05,0.2725,21606859000.0,,,354281000.0,3301861000.0,116566000.0,-448225000.0,8086000.0,,1881955000.0,2733000.0
PB,2015-06-30,False,Q2,2015,10-Q,198278000.0,,71932000.0,1.03,1.03,0.0,21686287000.0,,,354498000.0,3357285000.0,196472000.0,-520025000.0,197000.0,,1881955000.0,5400000.0
PB,2014-09-30,False,Q3,2014,10-Q,217627000.0,,76570000.0,1.1,1.1,0.0,21117314000.0,,,331436000.0,3182950000.0,280030000.0,-13760000.0,-316224000.0,,1892255000.0,8864000.0
PB,2014-06-30,False,Q2,2014,10-Q,220504000.0,,75506000.0,1.08,1.08,0.0,21248106000.0,,,513483000.0,3120594000.0,194455000.0,30487000.0,-92849000.0,,1894270000.0,6709000.0
PB,2016-03-31,False,Q1,2016,10-Q,207984000.0,,68951000.0,0.98,0.98,0.3,21978345000.0,,,335978000.0,3499060000.0,160998000.0,292410000.0,-681392000.0,,1903451000.0,1778000.0
PB,2016-06-30,False,Q2,2016,10-Q,197932000.0,,68071000.0,0.98,0.98,0.0,21796310000.0,,,333692000.0,3544584000.0,226946000.0,473763000.0,-930979000.0,,1903451000.0,3361000.0
PB,2014-12-31,False,FY,2014,10-K,837667000.0,,297441000.0,4.32,4.32,0.9925,21507733000.0,,,677854000.0,3244826000.0,-106929000.0,-31513000.0,-64679000.0,324247000.0,1874191000.0,12075000.0
PB,2016-09-30,False,Q3,2016,10-Q,194144000.0,,68651000.0,0.99,0.99,0.0,21404044000.0,,,342113000.0,3594812000.0,352340000.0,856803000.0,-1430992000.0,,1900349000.0,3933000.0
PB,2017-06-30,False,Q2,2017,10-Q,195827000.0,,68554000.0,0.99,0.99,0.0,22296543000.0,,,322715000.0,3736188000.0,207889000.0,-109439000.0,-213116000.0,,1900845000.0,3490000.0
PB,2017-03-31,False,Q1,2017,10-Q,195874000.0,,68565000.0,0.99,0.99,0.34,22477419000.0,,,325742000.0,3689082000.0,144448000.0,-256289000.0,202000.0,,1900845000.0,1123000.0
PB,2018-06-30,False,Q2,2018,10-Q,212692000.0,,81597000.0,1.17,1.17,0.0,22570740000.0,,,275479000.0,3935452000.0,157873000.0,-100190000.0,-174517000.0,,1900845000.0,6280000.0
PB,2015-12-31,False,FY,2015,10-K,790482000.0,,286646000.0,4.09,4.09,1.1175,22037216000.0,,,563962000.0,3462910000.0,310814000.0,-650628000.0,225922000.0,806653000.0,1868827000.0,9357000.0
PB,2015-09-30,False,Q3,2015,10-Q,197323000.0,,70598000.0,1.01,1.01,0.0,21567236000.0,,,301226000.0,3411239000.0,279123000.0,-451190000.0,-204561000.0,,1881955000.0,7959000.0
PB,2018-03-31,False,Q1,2018,10-Q,198956000.0,,74361000.0,1.07,1.07,0.36,22472314000.0,,,243983000.0,3876145000.0,77528000.0,-42473000.0,-183385000.0,,1900845000.0,3078000.0
PB,2016-12-31,False,FY,2016,10-K,794204000.0,,274466000.0,3.94,3.94,1.24,22331072000.0,,,437381000.0,3642311000.0,334355000.0,41007000.0,-501943000.0,1311211000.0,1900845000.0,5007000.0
PB,2017-12-31,False,FY,2017,10-K,793988000.0,,272165000.0,3.92,3.92,1.38,22587292000.0,,,392313000.0,3824154000.0,390725000.0,-372594000.0,-63199000.0,829377000.0,1900845000.0,11229000.0
PB,2018-09-30,False,Q3,2018,10-Q,215300000.0,,82523000.0,1.18,1.18,0.0,22612583000.0,,,294470000.0,3995697000.0,226208000.0,-129997000.0,-194054000.0,,1900845000.0,10491000.0
PB,2017-09-30,False,Q3,2017,10-Q,201228000.0,,67908000.0,0.98,0.98,0.0,22143263000.0,,,303476000.0,3781358000.0,346398000.0,6297000.0,-486600000.0,,1900845000.0,6643000.0
