symbol,end_date,amend,period_focus,fiscal_year,doc_type,revenues,op_income,net_income,eps_basic,eps_diluted,dividend,assets,cur_assets,cur_liab,cash,equity,cash_flow_op,cash_flow_inv,cash_flow_fin,debt,goodwill,cap_ex
PBF,2014-09-30,False,Q3,2014,10-Q,5260003000.0,284103000.0,140970000.0,1.61,1.6,0.3,5877118000.0,3005563000.0,1824468000.0,477393000.0,2174539000.0,352961000.0,-521311000.0,568773000.0,1148503000.0,,258875000.0
PBF,2014-03-31,False,Q1,2014,10-Q,4746443000.0,260207000.0,77444000.0,1.43,1.42,0.3,4716419000.0,2365822000.0,1642636000.0,237135000.0,1810123000.0,260571000.0,-52653000.0,-47753000.0,722828000.0,,60127000.0
PBF,2013-09-30,False,Q3,2013,10-Q,4858880000.0,-55599000.0,-19848000.0,-0.5,-0.5,0.3,4329341000.0,2191345000.0,1609350000.0,57417000.0,1648836000.0,142581000.0,-197523000.0,-173525000.0,667242000.0,,201906000.0
PBF,2018-12-31,False,FY,2018,10-K,27186093000.0,358120000.0,127567000.0,1.11,1.1,0.0,8005415000.0,3236932000.0,2134515000.0,597286000.0,3248479000.0,837938000.0,-685597000.0,-128076000.0,527819000.0,,317459000.0
PBF,2015-03-31,False,Q1,2015,10-Q,2995136000.0,172410000.0,87321000.0,1.04,1.0,0.3,5150612000.0,2295131000.0,1384439000.0,449480000.0,1767716000.0,132505000.0,-48107000.0,-32791000.0,1251233000.0,,102395000.0
PBF,2014-06-30,False,Q2,2014,10-Q,5301709000.0,87850000.0,20959000.0,0.29,0.29,0.3,5681840000.0,2843936000.0,1867997000.0,317544000.0,2063974000.0,166057000.0,-435139000.0,509656000.0,1033646000.0,,125293000.0
PBF,2015-06-30,False,Q2,2015,10-Q,3550664000.0,273796000.0,135810000.0,1.58,1.57,0.3,5543622000.0,2685572000.0,1572213000.0,623822000.0,1872384000.0,317675000.0,-113575000.0,21849000.0,1353734000.0,,224063000.0
PBF,2014-12-31,False,FY,2014,10-K,19828155000.0,150654000.0,-38237000.0,-0.51,-0.51,1.2,5196288000.0,2346671000.0,1542822000.0,397873000.0,1693316000.0,456325000.0,-663607000.0,528185000.0,1252349000.0,,476389000.0
PBF,2015-09-30,False,Q3,2015,10-Q,3217640000.0,90052000.0,42799000.0,0.5,0.49,0.3,5107176000.0,2303575000.0,1094460000.0,472829000.0,1890970000.0,240399000.0,-166942000.0,1499000.0,1373122000.0,,288909000.0
PBF,2013-12-31,False,FY,2013,10-K,19151455000.0,319859000.0,39540000.0,1.22,1.2,1.2,4413808000.0,2200506000.0,1644510000.0,76970000.0,1715256000.0,291329000.0,-313274000.0,-186969000.0,735576000.0,,318394000.0
PBF,2016-09-30,False,Q3,2016,10-Q,4513204000.0,129710000.0,42111000.0,0.43,0.43,0.3,7465714000.0,3547015000.0,2047733000.0,625402000.0,2279360000.0,388212000.0,-1246953000.0,539823000.0,2399736000.0,,194625000.0
PBF,2016-06-30,False,Q2,2016,10-Q,3858467000.0,234770000.0,103530000.0,1.06,1.06,0.3,6988050000.0,3931973000.0,1901518000.0,1412935000.0,2175856000.0,216134000.0,-235757000.0,488238000.0,2396064000.0,,111772000.0
PBF,2016-03-31,False,Q1,2016,10-Q,2800185000.0,-5424000.0,-29388000.0,-0.3,-0.3,0.3,6183659000.0,3021357000.0,1623003000.0,740321000.0,2033746000.0,-20597000.0,-145879000.0,-37523000.0,1880819000.0,,43170000.0
PBF,2016-12-31,False,FY,2016,10-K,15920424000.0,498883000.0,170811000.0,1.74,1.74,1.2,7621927000.0,3407255000.0,2056547000.0,746274000.0,2570684000.0,651934000.0,-1393935000.0,543955000.0,2180700000.0,,298737000.0
PBF,2017-06-30,False,Q2,2017,10-Q,5017225000.0,-111149000.0,-109932000.0,-1.01,-1.01,0.3,7481220000.0,2733099000.0,2064671000.0,173031000.0,2368993000.0,-34665000.0,-428641000.0,-109937000.0,2193358000.0,,220446000.0
PBF,2018-03-31,False,Q1,2018,10-Q,5802776000.0,95660000.0,30165000.0,0.27,0.27,0.3,8282363000.0,3861735000.0,2577690000.0,362963000.0,2915825000.0,-85433000.0,-93280000.0,-31345000.0,528239000.0,,24936000.0
PBF,2017-03-31,False,Q1,2017,10-Q,4754473000.0,694000.0,-31348000.0,-0.29,-0.29,0.3,7512237000.0,3125291000.0,2000799000.0,306091000.0,2512223000.0,-165364000.0,-188974000.0,-85845000.0,2142305000.0,,109726000.0
PBF,2018-09-30,False,Q3,2018,10-Q,7646360000.0,286433000.0,179344000.0,1.53,1.5,0.3,9215410000.0,4749606000.0,2648654000.0,1059200000.0,3645361000.0,720329000.0,-419837000.0,185687000.0,527962000.0,,192152000.0
PBF,2018-06-30,False,Q2,2018,10-Q,7444083000.0,422263000.0,271956000.0,2.41,2.37,0.3,8546715000.0,4107830000.0,2477285000.0,478329000.0,3172284000.0,307888000.0,-365241000.0,-37339000.0,528101000.0,,115690000.0
PBF,2017-12-31,False,FY,2017,10-K,21786637000.0,730218000.0,414474000.0,3.78,3.73,1.2,8117993000.0,3802959000.0,2418946000.0,573021000.0,2902949000.0,685861000.0,-687011000.0,-172103000.0,2217114000.0,,306681000.0
PBF,2013-03-31,False,Q1,2013,10-Q,4797847000.0,100105000.0,11406000.0,0.48,0.48,0.3,4509073000.0,2551677000.0,1828727000.0,404088000.0,1761191000.0,211066000.0,-59153000.0,-33709000.0,711548000.0,,56152000.0
PBF,2013-06-30,False,Q2,2013,10-Q,4678293000.0,133027000.0,16826000.0,0.62,0.61,0.3,4325903000.0,2248973000.0,1441887000.0,69230000.0,1741909000.0,-40201000.0,-112724000.0,-63729000.0,667002000.0,,105084000.0
PBF,2017-09-30,False,Q3,2017,10-Q,5478951000.0,587157000.0,314093000.0,2.86,2.85,0.3,7999457000.0,3445873000.0,2292296000.0,300891000.0,2675362000.0,322223000.0,-609918000.0,-157688000.0,2191222000.0,,267151000.0
PBF,2015-12-31,False,FY,2015,10-K,13123929000.0,360111000.0,146401000.0,1.66,1.65,1.2,6105124000.0,3022011000.0,1495506000.0,944320000.0,2095857000.0,560424000.0,-812113000.0,798136000.0,1877637000.0,,353964000.0
