symbol,end_date,amend,period_focus,fiscal_year,doc_type,revenues,op_income,net_income,eps_basic,eps_diluted,dividend,assets,cur_assets,cur_liab,cash,equity,cash_flow_op,cash_flow_inv,cash_flow_fin,debt,goodwill,cap_ex
PGR,2010-03-31,False,Q1,2010,10-Q,3665900000.0,,295600000.0,0.45,0.44,0.0,21048900000.0,,,155100000.0,6211500000.0,670000000.0,-529000000.0,-146600000.0,2177700000.0,,17000000.0
PGR,2011-09-30,False,Q3,2011,10-Q,3811000000.0,,150700000.0,0.24,0.24,0.0,22144300000.0,,,170300000.0,5816300000.0,1495300000.0,-877000000.0,-607000000.0,2443900000.0,,53300000.0
PGR,2018-12-31,False,FY,2018,10-K,31979000000.0,,2593900000.0,4.45,4.42,2.514,46575000000.0,,,69500000.0,10821800000.0,6284800000.0,-7331800000.0,846700000.0,4404900000.0,452700000.0,266000000.0
PGR,2009-12-31,False,FY,2009,10-K,14563600000.0,,1057500000.0,1.59,1.57,0.1613,20049300000.0,,,160700000.0,5748600000.0,1486800000.0,-1178600000.0,-152100000.0,2177200000.0,,66600000.0
PGR,2011-03-31,False,Q1,2011,10-Q,3893500000.0,,362900000.0,0.56,0.55,0.0,21526100000.0,,,155500000.0,6320600000.0,673500000.0,-279900000.0,-397200000.0,1958700000.0,,17500000.0
PGR,2012-03-31,False,Q1,2012,10-Q,4061200000.0,,257600000.0,0.42,0.42,0.0,22269300000.0,,,156000000.0,6250400000.0,708400000.0,-61100000.0,-647400000.0,2080000000.0,,29300000.0
PGR,2011-06-30,False,Q2,2011,10-Q,3872700000.0,,245200000.0,0.38,0.38,0.0,21807600000.0,,,149700000.0,6349500000.0,1031100000.0,-364000000.0,-676700000.0,1959100000.0,,35600000.0
PGR,2010-12-31,False,FY,2010,10-K,14963300000.0,,1068300000.0,1.62,1.61,1.3987,21150300000.0,,,158900000.0,6048900000.0,1679300000.0,-486500000.0,-1195400000.0,1958200000.0,,64700000.0
PGR,2012-09-30,False,Q3,2012,10-Q,4345500000.0,,277000000.0,0.46,0.46,0.0,23429300000.0,,,192200000.0,6554600000.0,1665300000.0,-830800000.0,-798900000.0,2062700000.0,,84200000.0
PGR,2012-06-30,False,Q2,2012,10-Q,4113100000.0,,118600000.0,0.2,0.19,0.0,22719000000.0,,,165500000.0,6286600000.0,1135100000.0,-414200000.0,-711300000.0,2062800000.0,,53500000.0
PGR,2013-06-30,False,Q2,2013,10-Q,4593600000.0,,324600000.0,0.54,0.54,0.0,23841800000.0,,,96900000.0,6523900000.0,1137200000.0,-923800000.0,-294900000.0,2063900000.0,,69500000.0
PGR,2011-12-31,False,FY,2011,10-K,15508100000.0,,1015500000.0,1.61,1.59,0.4072,21844800000.0,,,155700000.0,5806700000.0,1497900000.0,-744900000.0,-755700000.0,2442100000.0,,78900000.0
PGR,2012-12-31,False,FY,2012,10-K,17083900000.0,,902300000.0,1.5,1.48,1.2845,22694700000.0,,,179100000.0,6007000000.0,1691400000.0,-264900000.0,-1404100000.0,2063100000.0,,127700000.0
PGR,2013-03-31,False,Q1,2013,10-Q,4437200000.0,,308600000.0,0.51,0.51,0.0,23543500000.0,,,110200000.0,6389800000.0,722100000.0,-570600000.0,-220300000.0,2063500000.0,,27700000.0
PGR,2010-09-30,False,Q3,2010,10-Q,3769500000.0,,261600000.0,0.4,0.4,0.0,22024600000.0,,,155000000.0,6713200000.0,1677900000.0,-1176400000.0,-507600000.0,1957800000.0,,39500000.0
PGR,2010-06-30,False,Q2,2010,10-Q,3686300000.0,,211900000.0,0.32,0.32,0.0,21496600000.0,,,153800000.0,6304600000.0,1204500000.0,-1006600000.0,-204600000.0,2178100000.0,,29900000.0
PGR,2009-06-30,False,Q2,2009,10-Q,3583500000.0,,250100000.0,0.37,0.37,0.0,19087600000.0,,,160700000.0,4925000000.0,928100000.0,-757900000.0,-12400000.0,2176400000.0,,38300000.0
PGR,2009-09-30,False,Q3,2009,10-Q,3611300000.0,,269900000.0,0.4,0.4,0.0,20047400000.0,,,172500000.0,5496400000.0,1415100000.0,-1166400000.0,-79100000.0,2176800000.0,,50300000.0
PGR,2013-09-30,False,Q3,2013,10-Q,4521300000.0,,232400000.0,0.39,0.39,0.0,24508900000.0,,,100900000.0,6792600000.0,1748000000.0,-1437100000.0,-388200000.0,2010600000.0,,105600000.0
PGR,2015-03-31,False,Q1,2015,10-Q,4895300000.0,,295600000.0,0.5,0.5,0.0,26880700000.0,,,101500000.0,7201900000.0,771100000.0,-696400000.0,-81200000.0,2560100000.0,,22200000.0
PGR,2013-12-31,False,FY,2013,10-K,18170900000.0,,1165400000.0,1.95,1.93,1.4929,24408200000.0,,,75100000.0,6189500000.0,1899900000.0,-1356500000.0,-646800000.0,1860900000.0,,140400000.0
PGR,2014-06-30,False,Q2,2014,10-Q,4741500000.0,,293400000.0,0.5,0.49,0.0,25452700000.0,,,126100000.0,6789200000.0,1041200000.0,-314200000.0,-677200000.0,2208000000.0,,44700000.0
PGR,2014-12-31,False,FY,2014,10-K,19391400000.0,,1281000000.0,2.17,2.15,0.6862,25787600000.0,,,108400000.0,6928600000.0,1725600000.0,-836900000.0,-855400000.0,2164700000.0,,108100000.0
PGR,2016-03-31,False,Q1,2016,10-Q,5557500000.0,,258200000.0,0.44,0.44,0.0,30721600000.0,,,209900000.0,7559900000.0,824500000.0,-249600000.0,-589500000.0,2701600000.0,447600000.0,54300000.0
PGR,2014-03-31,False,Q1,2014,10-Q,4707600000.0,,321300000.0,0.54,0.54,0.0,24315400000.0,,,96700000.0,6438600000.0,660600000.0,337000000.0,-976600000.0,1861300000.0,,16200000.0
PGR,2014-09-30,False,Q3,2014,10-Q,4766100000.0,,296100000.0,0.5,0.5,0.0,25926000000.0,,,90600000.0,6935300000.0,1657500000.0,-824600000.0,-818700000.0,2164300000.0,,73600000.0
PGR,2015-12-31,False,FY,2015,10-K,20853800000.0,,1267600000.0,2.16,2.15,0.8882,29819300000.0,,,224400000.0,7289400000.0,2292900000.0,-1923900000.0,-252800000.0,2707900000.0,447600000.0,130700000.0
PGR,2015-09-30,False,Q3,2015,10-Q,5273800000.0,,278300000.0,0.48,0.47,0.0,29935000000.0,,,194500000.0,7462000000.0,2159500000.0,-1859200000.0,-213500000.0,2714300000.0,446400000.0,86600000.0
PGR,2015-06-30,False,Q2,2015,10-Q,5283300000.0,,363300000.0,0.62,0.62,0.0,29304200000.0,,,263800000.0,7359800000.0,1430000000.0,-1146400000.0,-127800000.0,2739000000.0,472900000.0,53600000.0
PGR,2016-09-30,False,Q3,2016,10-Q,5935000000.0,,198700000.0,0.34,0.34,0.0,33620800000.0,,,143400000.0,8094700000.0,2259600000.0,-2124300000.0,-216400000.0,41200000.0,449400000.0,162100000.0
PGR,2017-06-30,False,Q2,2017,10-Q,6605700000.0,,367600000.0,0.63,0.63,0.0,36689800000.0,,,161000000.0,8991500000.0,2036700000.0,-1902400000.0,-184800000.0,41200000.0,452700000.0,73200000.0
PGR,2016-12-31,False,FY,2016,10-K,23441400000.0,,1031000000.0,1.77,1.76,0.6808,33427500000.0,,,211500000.0,7957100000.0,2701900000.0,-2464500000.0,-250400000.0,3020900000.0,449400000.0,215000000.0
PGR,2017-12-31,False,FY,2017,10-K,26839000000.0,,1592200000.0,2.74,2.72,1.1247,38701200000.0,,,265000000.0,9284800000.0,3756800000.0,-3406700000.0,-300900000.0,3269200000.0,452700000.0,155700000.0
PGR,2017-09-30,False,Q3,2017,10-Q,6791800000.0,,224000000.0,0.39,0.38,0.0,38932600000.0,,,224900000.0,9289400000.0,3206600000.0,-2899300000.0,-294300000.0,0.0,452700000.0,109700000.0
PGR,2018-06-30,False,Q2,2018,10-Q,8018000000.0,,697500000.0,1.2,1.19,0.0,43363500000.0,,,154800000.0,11000800000.0,3483300000.0,-3956200000.0,355300000.0,3859500000.0,452700000.0,102000000.0
PGR,2017-03-31,False,Q1,2017,10-Q,6321700000.0,,424300000.0,0.73,0.73,0.0,34810500000.0,,,214500000.0,8522900000.0,1118800000.0,-662600000.0,-453200000.0,41200000.0,449400000.0,35000000.0
PGR,2018-03-31,False,Q1,2018,10-Q,7430100000.0,,716800000.0,1.23,1.22,0.0,41330900000.0,,,190100000.0,10323200000.0,1747100000.0,-2180600000.0,354800000.0,3859200000.0,452700000.0,35800000.0
PGR,2016-06-30,False,Q2,2016,10-Q,5819300000.0,,190900000.0,0.33,0.33,0.0,31958200000.0,,,134700000.0,7835500000.0,1554800000.0,-989100000.0,-655600000.0,2664100000.0,449400000.0,109100000.0
PGR,2018-09-30,False,Q3,2018,10-Q,8495800000.0,,921700000.0,1.58,1.57,0.0,45543700000.0,,,121900000.0,11858800000.0,5201500000.0,-5656600000.0,302500000.0,3859900000.0,452700000.0,164800000.0
