symbol,end_date,amend,period_focus,fiscal_year,doc_type,revenues,op_income,net_income,eps_basic,eps_diluted,dividend,assets,cur_assets,cur_liab,cash,equity,cash_flow_op,cash_flow_inv,cash_flow_fin,debt,goodwill,cap_ex
PJC,2018-12-31,False,FY,2018,10-K,800993000.0,,57036000.0,3.78,3.72,3.12,1345269000.0,,,50364000.0,730416000.0,509850000.0,-15859000.0,-476769000.0,,81855000.0,
PJC,2010-12-31,False,FY,2010,10-K,565061000.0,,24362000.0,1.23,1.23,0.0,2033787000.0,,,50602000.0,813312000.0,-27252000.0,-198615000.0,232689000.0,125000000.0,322594000.0,11762000.0
PJC,2012-03-31,False,Q1,2012,10-Q,124111000.0,,2929000.0,0.15,0.15,0.0,1888511000.0,,,54660000.0,757721000.0,-203851000.0,-2078000.0,174785000.0,108750000.0,202352000.0,2078000.0
PJC,2012-09-30,False,Q3,2012,10-Q,140082000.0,,19664000.0,1.11,1.11,0.0,1960553000.0,,,41678000.0,770576000.0,-199616000.0,-248000.0,155745000.0,83488000.0,202352000.0,248000.0
PJC,2011-12-31,False,FY,2011,10-K,489702000.0,,-102020000.0,-6.51,-6.51,0.0,1655721000.0,,,85807000.0,750600000.0,203204000.0,-7704000.0,-160165000.0,115000000.0,202352000.0,7648000.0
PJC,2011-09-30,False,Q3,2011,10-Q,107070000.0,,-3583000.0,-0.23,-0.23,0.0,2135411000.0,,,42808000.0,870772000.0,-120398000.0,-6590000.0,119393000.0,117500000.0,322650000.0,-6534000.0
PJC,2013-06-30,False,Q2,2013,10-Q,109107000.0,,2488000.0,0.15,0.15,0.0,2276214000.0,,,69274000.0,867862000.0,-123145000.0,-842000.0,87973000.0,,196844000.0,1092000.0
PJC,2013-09-30,False,Q3,2013,10-Q,138838000.0,,5322000.0,0.33,0.33,0.0,2492694000.0,,,13961000.0,856994000.0,-263312000.0,-27733000.0,199558000.0,,210800000.0,3257000.0
PJC,2012-12-31,False,FY,2012,10-K,518242000.0,,41268000.0,2.26,2.26,0.0,2087733000.0,,,105371000.0,790175000.0,-211782000.0,-2131000.0,234277000.0,0.0,196844000.0,2131000.0
PJC,2012-06-30,False,Q2,2012,10-Q,113048000.0,,6851000.0,0.37,0.37,0.0,1999071000.0,,,39592000.0,741896000.0,-285530000.0,-1438000.0,240782000.0,88619000.0,202352000.0,1438000.0
PJC,2013-03-31,False,Q1,2013,10-Q,118149000.0,,10146000.0,0.58,0.57,0.0,2329878000.0,,,22515000.0,861780000.0,-183527000.0,-230000.0,100989000.0,,196844000.0,230000.0
PJC,2014-06-30,False,Q2,2014,10-Q,175976000.0,,18213000.0,1.12,1.11,0.0,2425525000.0,,,55221000.0,929757000.0,106079000.0,-2250000.0,-172312000.0,,211878000.0,2250000.0
PJC,2014-03-31,False,Q1,2014,10-Q,173894000.0,,17748000.0,1.1,1.1,0.0,2317252000.0,,,34835000.0,917079000.0,-44528000.0,-607000.0,-43724000.0,,210634000.0,607000.0
PJC,2011-03-31,False,Q1,2011,10-Q,132941000.0,,7233000.0,0.38,0.38,0.0,1962002000.0,,,43263000.0,833578000.0,25585000.0,-2203000.0,-30686000.0,122500000.0,322650000.0,2147000.0
PJC,2011-06-30,False,Q2,2011,10-Q,143642000.0,,10694000.0,0.55,0.55,0.0,2221549000.0,,,70073000.0,862640000.0,-82921000.0,-4395000.0,106816000.0,120000000.0,322650000.0,4339000.0
PJC,2013-12-31,False,FY,2013,10-K,550231000.0,,45090000.0,2.7,2.7,0.0,2318157000.0,,,123683000.0,882072000.0,46560000.0,-29952000.0,1401000.0,,210634000.0,5476000.0
PJC,2010-09-30,False,Q3,2010,10-Q,124616000.0,,7054000.0,0.36,0.36,0.0,2060790000.0,,,38504000.0,804682000.0,6342000.0,-191066000.0,179401000.0,,316934000.0,8961000.0
PJC,2010-06-30,False,Q2,2010,10-Q,135845000.0,,7378000.0,0.36,0.36,0.0,2003552000.0,,,46845000.0,817025000.0,-15042000.0,-184840000.0,203353000.0,,316934000.0,2735000.0
PJC,2014-09-30,False,Q3,2014,10-Q,165947000.0,,14668000.0,0.9,0.9,0.0,2600540000.0,,,14947000.0,945348000.0,32307000.0,-5270000.0,-135655000.0,,211878000.0,5270000.0
PJC,2015-03-31,False,Q1,2015,10-Q,168431000.0,,16972000.0,1.03,1.03,0.0,2917029000.0,,,9382000.0,987134000.0,-175131000.0,-1896000.0,170799000.0,,211878000.0,
PJC,2014-12-31,False,FY,2014,10-K,673211000.0,,63172000.0,3.88,3.87,0.0,2623917000.0,,,15867000.0,969460000.0,-50069000.0,-5387000.0,-52017000.0,,211878000.0,
PJC,2015-12-31,False,FY,2015,10-K,696317000.0,,52075000.0,3.34,3.34,0.0,2138518000.0,,,189910000.0,832820000.0,379524000.0,-16153000.0,-188959000.0,,217976000.0,
PJC,2015-09-30,False,Q3,2015,10-Q,154732000.0,,4831000.0,0.32,0.32,0.0,2299062000.0,,,44048000.0,832595000.0,290313000.0,-11523000.0,-250332000.0,,219423000.0,
PJC,2016-03-31,False,Q1,2016,10-Q,159601000.0,,2437000.0,0.16,0.16,0.0,2178415000.0,,,49140000.0,852937000.0,-74304000.0,-71561000.0,5191000.0,,289862000.0,
PJC,2016-06-30,False,Q2,2016,10-Q,176392000.0,,1938000.0,0.12,0.12,0.0,2121304000.0,,,172244000.0,827259000.0,61349000.0,-75264000.0,-2841000.0,,290740000.0,
PJC,2017-09-30,False,Q3,2017,10-Q,244915000.0,,-49713000.0,-3.91,-3.91,0.31,1739836000.0,,,40916000.0,786785000.0,443960000.0,-4310000.0,-441328000.0,,81855000.0,
PJC,2015-06-30,False,Q2,2015,10-Q,170110000.0,,16999000.0,1.08,1.08,0.0,2410396000.0,,,14097000.0,953660000.0,-195000.0,-2044000.0,575000.0,,211878000.0,
PJC,2017-12-31,False,FY,2017,10-K,895191000.0,,-61939000.0,-5.07,-5.07,1.25,2024683000.0,,,33793000.0,741235000.0,232119000.0,-8097000.0,-233120000.0,,81855000.0,
PJC,2017-06-30,False,Q2,2017,10-Q,204007000.0,,13573000.0,0.89,0.89,0.31,1931333000.0,,,26170000.0,834739000.0,173180000.0,-3034000.0,-185955000.0,,196218000.0,
PJC,2017-03-31,False,Q1,2017,10-Q,205487000.0,,20275000.0,1.33,1.31,0.3125,2113157000.0,,,18879000.0,821956000.0,139802000.0,-1756000.0,-160671000.0,,196218000.0,
PJC,2016-12-31,False,FY,2016,10-K,769874000.0,,-21952000.0,-1.73,-1.73,0.0,2125503000.0,,,41359000.0,816266000.0,48782000.0,-83726000.0,-111561000.0,,196218000.0,
PJC,2016-09-30,False,Q3,2016,10-Q,206276000.0,,10658000.0,0.7,0.7,0.0,2211323000.0,,,51371000.0,839017000.0,42985000.0,-78379000.0,-101817000.0,,278699000.0,
PJC,2018-06-30,False,Q2,2018,10-Q,178580000.0,,6226000.0,0.43,0.43,0.38,1514528000.0,,,26025000.0,737200000.0,292657000.0,-6259000.0,-293845000.0,,81855000.0,
PJC,2018-09-30,False,Q3,2018,10-Q,221233000.0,,22023000.0,1.45,1.43,0.38,1493436000.0,,,68774000.0,747415000.0,360402000.0,-12329000.0,-312703000.0,,81855000.0,
PJC,2018-03-31,False,Q1,2018,10-Q,174400000.0,,10603000.0,0.47,0.47,1.995,1577366000.0,,,27642000.0,735007000.0,146448000.0,-1560000.0,-151759000.0,,81855000.0,
