symbol,end_date,amend,period_focus,fiscal_year,doc_type,revenues,op_income,net_income,eps_basic,eps_diluted,dividend,assets,cur_assets,cur_liab,cash,equity,cash_flow_op,cash_flow_inv,cash_flow_fin,debt,goodwill,cap_ex
PLD,2018-12-31,False,FY,2018,10-K,2804449000.0,847002000.0,1643426000.0,2.9,2.87,0.03,38417664000.0,,,343856000.0,25800888000.0,1803559000.0,-663796000.0,-1232101000.0,11089815000.0,25300000.0,93073000.0
AMB,2011-03-31,False,Q1,2011,10-Q,165768000.0,,7821000.0,0.05,0.05,0.0,7420763000.0,,,203626000.0,3700093000.0,61727000.0,-45885000.0,7625000.0,3426051000.0,,
PLD,2011-09-30,False,Q3,2011,10-Q,501393000.0,90766000.0,55436000.0,0.12,0.12,0.28,28586304000.0,,,216749000.0,14601966000.0,104947000.0,-798523000.0,874019000.0,12147277000.0,25280000.0,37425000.0
PLD,2011-06-30,True,Q2,2011,10-Q,335901000.0,-40393000.0,-151471000.0,-0.49,-0.49,0.25,29134506000.0,,,260893000.0,14353540000.0,-17227000.0,-646530000.0,885394000.0,12119952000.0,32760000.0,13865000.0
PLD,2012-09-30,False,Q3,2012,10-Q,512105000.0,79030000.0,-46526000.0,-0.1,-0.1,0.28,28576422000.0,,,158188000.0,14174521000.0,373348000.0,-47877000.0,-345878000.0,12578060000.0,,60400000.0
AMB,2010-12-31,False,FY,2010,10-K,633500000.0,,9967000.0,0.06,0.06,0.0,7372895000.0,,,198424000.0,3702122000.0,252760000.0,-586628000.0,329734000.0,3331299000.0,,
PLD,2012-06-30,False,Q2,2012,10-Q,520748000.0,107044000.0,-8120000.0,-0.02,-0.02,0.28,28415563000.0,,,293631000.0,14169567000.0,160105000.0,189826000.0,-239368000.0,12433585000.0,,42500000.0
PLD,2012-03-31,False,Q1,2012,10-Q,500064000.0,90879000.0,202412000.0,0.44,0.44,0.28,28867953000.0,,,343736000.0,14550660000.0,71435000.0,176561000.0,-80218000.0,12380921000.0,,12027000.0
PLD,2013-03-31,False,Q1,2013,10-Q,490616000.0,98972000.0,265416000.0,0.58,0.57,0.28,24075299000.0,,,785359000.0,13210533000.0,129140000.0,2814582000.0,-2261865000.0,9074123000.0,,13012000.0
PLD,2013-06-30,False,Q2,2013,10-Q,419474000.0,61242000.0,-1517000.0,0.0,0.0,0.28,24037568000.0,,,385424000.0,14322502000.0,203568000.0,2417852000.0,-2285777000.0,8417310000.0,,30109000.0
PLD,2011-12-31,False,FY,2011,10-K,1533291000.0,127430000.0,-188110000.0,-0.51,-0.51,0.01,27723912000.0,,,176072000.0,14455474000.0,207064000.0,-233065000.0,163318000.0,11382408000.0,,55702000.0
PLD,2013-09-30,False,Q3,2013,10-Q,430185000.0,78957000.0,-7534000.0,-0.02,-0.02,0.28,24789543000.0,,,121693000.0,14263522000.0,332248000.0,1666668000.0,-1929110000.0,9119317000.0,,56378000.0
PLD,2012-12-31,False,FY,2012,10-K,2005961000.0,108447000.0,-80946000.0,-0.18,-0.18,0.2,27310145000.0,,,100810000.0,13773336000.0,463492000.0,529615000.0,-1071511000.0,11790794000.0,25300000.0,92500000.0
PLD,2013-12-31,False,FY,2013,10-K,1750486000.0,304412000.0,315422000.0,0.65,0.64,1.12,24572307000.0,,,491129000.0,14176453000.0,484989000.0,2333922000.0,-2365622000.0,9011216000.0,25300000.0,82610000.0
AMB,2010-09-30,False,Q3,2010,10-Q,158696000.0,,6635000.0,0.04,0.04,0.0,7123726000.0,,,176436000.0,3699019000.0,210836000.0,-372113000.0,138737000.0,3066907000.0,,
PLD,2014-03-31,False,Q1,2014,10-Q,434682000.0,71466000.0,4666000.0,0.01,0.01,0.33,24655148000.0,,,188886000.0,14493243000.0,72243000.0,-517127000.0,132184000.0,8870635000.0,,7576000.0
AMB,2010-06-30,False,Q2,2010,10-Q,158618000.0,,2897000.0,0.02,0.02,0.0,7059992000.0,,,214539000.0,3719310000.0,114748000.0,-331872000.0,188886000.0,2994655000.0,,
PLD,2014-06-30,False,Q2,2014,10-Q,460089000.0,95274000.0,72715000.0,0.15,0.13,0.33,24131562000.0,,,267427000.0,14276850000.0,305866000.0,-189614000.0,-350894000.0,8529453000.0,,19666000.0
PLD,2014-09-30,False,Q3,2014,10-Q,415151000.0,78112000.0,136245000.0,0.27,0.23,0.33,24072103000.0,,,311879000.0,14136749000.0,450787000.0,-603445000.0,-23142000.0,8822952000.0,,47915000.0
PLD,2015-03-31,False,Q1,2015,10-Q,462847000.0,83881000.0,345206000.0,0.67,0.65,0.36,25460821000.0,,,192013000.0,15792807000.0,81532000.0,-200349000.0,-31953000.0,8641421000.0,,11602000.0
PLD,2015-09-30,False,Q3,2015,10-Q,580622000.0,103392000.0,258979000.0,0.49,0.49,0.4,31419354000.0,,,310433000.0,18184971000.0,649815000.0,-4874785000.0,4193273000.0,11934355000.0,,51374000.0
PLD,2016-09-30,False,Q3,2016,10-Q,704565000.0,232624000.0,279255000.0,0.53,0.52,0.42,30888209000.0,,,375120000.0,18283270000.0,997011000.0,730132000.0,-1628663000.0,11256997000.0,,66298000.0
PLD,2015-06-30,False,Q2,2015,10-Q,510404000.0,87348000.0,140240000.0,0.27,0.27,0.36,31602397000.0,,,351025000.0,18354024000.0,355889000.0,-5080620000.0,4731430000.0,12121305000.0,,26089000.0
PLD,2016-06-30,False,Q2,2016,10-Q,602155000.0,142348000.0,275383000.0,0.52,0.52,0.42,30745934000.0,,,332221000.0,18283034000.0,578091000.0,908051000.0,-1430052000.0,11139415000.0,,30096000.0
PLD,2016-03-31,False,Q1,2016,10-Q,606300000.0,129198000.0,208041000.0,0.4,0.39,0.42,31375748000.0,,,369737000.0,18340624000.0,266270000.0,342627000.0,-509271000.0,11687171000.0,,10721000.0
PLD,2017-09-30,False,Q3,2017,10-Q,602874000.0,175491000.0,876218000.0,1.65,1.63,0.44,29654150000.0,,,568726000.0,18559256000.0,1360313000.0,341887000.0,-1957287000.0,9721065000.0,,68698000.0
PLD,2017-03-31,False,Q1,2017,10-Q,629155000.0,161886000.0,203255000.0,0.38,0.38,0.44,29814958000.0,,,395829000.0,17668421000.0,352794000.0,56487000.0,-828928000.0,10966932000.0,,10851000.0
PLD,2014-12-31,False,FY,2014,10-K,1760787000.0,319808000.0,622235000.0,1.25,1.24,0.41,25818223000.0,,,350692000.0,15183599000.0,704531000.0,-488309000.0,-337817000.0,9380199000.0,25300000.0,78610000.0
PLD,2018-03-31,False,Q1,2018,10-Q,693656000.0,237107000.0,365902000.0,0.69,0.68,0.48,29671485000.0,,,458099000.0,18788120000.0,349241000.0,151862000.0,-495969000.0,9460177000.0,,10456000.0
PLD,2016-12-31,False,FY,2016,10-K,2533135000.0,668378000.0,1203218000.0,2.29,2.27,0.15,30249932000.0,,,807316000.0,18458140000.0,1417005000.0,1252038000.0,-2125465000.0,10608294000.0,25300000.0,101677000.0
PLD,2017-12-31,False,FY,2017,10-K,2618134000.0,771066000.0,1641931000.0,3.1,3.06,0.01,29481075000.0,,,447046000.0,18705741000.0,1687246000.0,543278000.0,-2606584000.0,9412631000.0,,110635000.0
PLD,2015-12-31,False,FY,2015,10-K,2197074000.0,380172000.0,862788000.0,1.66,1.64,0.08,31394767000.0,,,264080000.0,18420836000.0,963410000.0,-4648613000.0,3608214000.0,11626831000.0,25300000.0,83351000.0
PLD,2018-06-30,False,Q2,2018,10-Q,621276000.0,187294000.0,334611000.0,0.63,0.62,0.48,29502882000.0,,,527830000.0,18726503000.0,773224000.0,-186774000.0,-500244000.0,9427124000.0,,33289000.0
PLD,2017-06-30,False,Q2,2017,10-Q,766183000.0,275272000.0,266943000.0,0.5,0.5,0.44,30150395000.0,,,271354000.0,17860238000.0,745160000.0,-170504000.0,-1126351000.0,11081922000.0,,37253000.0
PLD,2018-09-30,False,Q3,2018,10-Q,682432000.0,181521000.0,346345000.0,0.6,0.6,0.48,38268162000.0,,,275562000.0,25437655000.0,1273918000.0,-644105000.0,-789091000.0,11232129000.0,,62473000.0
