symbol,end_date,amend,period_focus,fiscal_year,doc_type,revenues,op_income,net_income,eps_basic,eps_diluted,dividend,assets,cur_assets,cur_liab,cash,equity,cash_flow_op,cash_flow_inv,cash_flow_fin,debt,goodwill,cap_ex
PLOW,2012-03-31,False,Q1,2012,10-Q,8560000.0,-4111000.0,-4214000.0,-0.19,-0.19,0.0,332649000.0,78408000.0,12849000.0,14212000.0,154932000.0,-10029000.0,-360000.0,-14831000.0,,107222000.0,437000.0
PLOW,2012-12-31,False,FY,2012,10-K,140033000.0,18869000.0,5943000.0,0.27,0.26,0.82,338371000.0,89582000.0,16670000.0,24136000.0,153732000.0,15619000.0,-1366000.0,-29549000.0,111966000.0,107222000.0,1446000.0
PLOW,2012-06-30,False,Q2,2012,10-Q,65499000.0,16052000.0,8878000.0,0.41,0.4,0.0,345864000.0,93382000.0,20554000.0,3790000.0,159901000.0,-17044000.0,-936000.0,-17662000.0,112451000.0,107222000.0,1016000.0
PLOW,2012-09-30,False,Q3,2012,10-Q,37774000.0,5215000.0,2327000.0,0.11,0.1,0.0,360975000.0,110557000.0,37143000.0,1842000.0,158522000.0,-35093000.0,-1003000.0,-1494000.0,112208000.0,107222000.0,1083000.0
PLOW,2011-09-30,False,Q3,2011,10-Q,53495000.0,8648000.0,3916000.0,0.18,0.18,0.0,375894000.0,119057000.0,43329000.0,3084000.0,163695000.0,-18190000.0,-1518000.0,2643000.0,,107222000.0,1585000.0
PLOW,2011-12-31,False,FY,2011,10-K,208798000.0,40181000.0,18807000.0,0.87,0.85,0.0,359017000.0,103462000.0,32611000.0,39432000.0,163389000.0,47728000.0,-2306000.0,-26139000.0,,107222000.0,2373000.0
PLOW,2013-06-30,False,Q2,2013,10-Q,55156000.0,11384000.0,5821000.0,0.26,0.26,0.21,362908000.0,93249000.0,44730000.0,2084000.0,148655000.0,-11830000.0,-28197000.0,17975000.0,111480000.0,114044000.0,1463000.0
PLOW,2013-03-31,False,Q1,2013,10-Q,14141000.0,-3529000.0,-3361000.0,-0.15,-0.15,0.21,328130000.0,80759000.0,12178000.0,11073000.0,146518000.0,-7148000.0,-843000.0,-5072000.0,111723000.0,107222000.0,843000.0
PLOW,2018-12-31,False,FY,2018,10-K,524067000.0,73460000.0,43905000.0,1.91,1.89,1.06,676193000.0,199095000.0,79068000.0,27820000.0,282756000.0,58181000.0,-9690000.0,-57546000.0,242946000.0,241006000.0,9690000.0
PLOW,2013-09-30,False,Q3,2013,10-Q,52026000.0,2864000.0,594000.0,0.03,0.02,0.21,388325000.0,120740000.0,68404000.0,3975000.0,145377000.0,-26722000.0,-28481000.0,35042000.0,111237000.0,112944000.0,1747000.0
PLOW,2014-03-31,False,Q1,2014,10-Q,36396000.0,4333000.0,1552000.0,0.07,0.07,0.22,345230000.0,79847000.0,18124000.0,10548000.0,152969000.0,10224000.0,-1290000.0,-18250000.0,110751000.0,113132000.0,1290000.0
PLOW,2013-12-31,False,FY,2013,10-K,194320000.0,27506000.0,11460000.0,0.52,0.51,0.84,364339000.0,98372000.0,36098000.0,19864000.0,155321000.0,32248000.0,-29509000.0,-7011000.0,110994000.0,113132000.0,2775000.0
PLOW,2011-06-30,False,Q2,2011,10-Q,71557000.0,18278000.0,9609000.0,0.44,0.44,0.0,354085000.0,95541000.0,23047000.0,165000.0,163989000.0,-2867000.0,-791000.0,-16326000.0,,107222000.0,840000.0
PLOW,2014-06-30,False,Q2,2014,10-Q,88225000.0,24480000.0,14372000.0,0.65,0.64,0.22,365247000.0,102033000.0,28440000.0,7071000.0,163226000.0,12257000.0,-1587000.0,-23463000.0,110508000.0,113132000.0,2605000.0
PLOW,2014-09-30,False,Q3,2014,10-Q,78836000.0,18645000.0,10607000.0,0.48,0.47,0.22,404389000.0,142956000.0,60444000.0,4289000.0,169651000.0,-18133000.0,-2292000.0,4850000.0,110266000.0,113132000.0,3310000.0
PLOW,2014-12-31,False,FY,2014,10-K,303511000.0,72217000.0,39352000.0,1.78,1.77,0.87,480443000.0,142521000.0,45694000.0,24195000.0,173289000.0,53747000.0,-90929000.0,41513000.0,188100000.0,160962000.0,5254000.0
PLOW,2016-03-31,False,Q1,2016,10-Q,48789000.0,1492000.0,5208000.0,0.23,0.23,0.24,492744000.0,159974000.0,28788000.0,48394000.0,200552000.0,18551000.0,-1165000.0,-5836000.0,182214000.0,160932000.0,1165000.0
PLOW,2015-03-31,False,Q1,2015,10-Q,53890000.0,3117000.0,378000.0,0.02,0.01,0.22,463665000.0,126771000.0,32560000.0,20800000.0,169082000.0,11326000.0,-9185000.0,-5536000.0,187693000.0,160962000.0,1254000.0
PLOW,2016-06-30,False,Q2,2016,10-Q,113763000.0,28483000.0,16328000.0,0.72,0.71,0.24,516754000.0,183429000.0,40302000.0,48666000.0,211587000.0,28290000.0,-4794000.0,-11674000.0,181919000.0,160932000.0,4794000.0
PLOW,2016-09-30,False,Q3,2016,10-Q,123573000.0,16488000.0,7302000.0,0.32,0.32,0.24,700062000.0,209467000.0,89628000.0,303000.0,214069000.0,11211000.0,-183011000.0,135259000.0,307293000.0,233088000.0,7084000.0
PLOW,2015-09-30,False,Q3,2015,10-Q,120565000.0,26556000.0,15334000.0,0.69,0.68,0.22,521843000.0,185589000.0,70038000.0,3873000.0,189289000.0,-11922000.0,-18928000.0,10528000.0,186879000.0,160661000.0,7110000.0
PLOW,2015-06-30,False,Q2,2015,10-Q,107143000.0,23802000.0,12918000.0,0.58,0.57,0.22,480841000.0,144697000.0,39853000.0,12349000.0,178912000.0,10431000.0,-11215000.0,-11062000.0,187286000.0,160962000.0,3284000.0
PLOW,2015-12-31,False,FY,2015,10-K,400408000.0,77351000.0,43572000.0,1.95,1.94,0.89,505503000.0,169243000.0,41733000.0,36844000.0,200496000.0,56465000.0,-21827000.0,-21989000.0,186472000.0,160932000.0,10009000.0
PLOW,2017-06-30,False,Q2,2017,10-Q,139371000.0,25322000.0,14746000.0,0.64,0.64,0.24,673509000.0,182838000.0,57386000.0,4290000.0,222039000.0,13337000.0,-10746000.0,-16910000.0,305819000.0,240627000.0,3146000.0
PLOW,2017-09-30,False,Q3,2017,10-Q,125339000.0,19965000.0,9327000.0,0.41,0.4,0.24,694070000.0,205916000.0,69409000.0,1482000.0,226591000.0,-669000.0,-12601000.0,-3857000.0,305354000.0,240906000.0,5216000.0
PLOW,2018-06-30,False,Q2,2018,10-Q,163446000.0,32440000.0,21164000.0,0.92,0.91,0.27,668687000.0,186260000.0,49449000.0,1087000.0,270083000.0,10991000.0,-4079000.0,-43787000.0,273909000.0,241006000.0,4079000.0
PLOW,2017-03-31,False,Q1,2017,10-Q,72248000.0,-618000.0,-3277000.0,-0.14,-0.14,0.24,651213000.0,164036000.0,44021000.0,7950000.0,212271000.0,4273000.0,-1306000.0,-13626000.0,306240000.0,238286000.0,1306000.0
PLOW,2018-03-31,False,Q1,2018,10-Q,83964000.0,1010000.0,-1876000.0,-0.08,-0.08,0.27,640639000.0,156712000.0,40944000.0,12937000.0,251302000.0,14275000.0,-1307000.0,-36906000.0,274391000.0,241006000.0,1307000.0
PLOW,2016-12-31,False,FY,2016,10-K,416268000.0,69118000.0,39009000.0,1.71,1.7,0.94,671899000.0,182161000.0,51392000.0,18609000.0,220463000.0,69920000.0,-191174000.0,103019000.0,306726000.0,238286000.0,9830000.0
PLOW,2017-12-31,False,FY,2017,10-K,474927000.0,70091000.0,55324000.0,2.42,2.4,0.96,685176000.0,198113000.0,80783000.0,36875000.0,256678000.0,66354000.0,-14948000.0,-33140000.0,274872000.0,241006000.0,7563000.0
PLOW,2018-09-30,False,Q3,2018,10-Q,124832000.0,15460000.0,9921000.0,0.43,0.43,0.27,712740000.0,232141000.0,93884000.0,3652000.0,274710000.0,-17904000.0,-6302000.0,-12669000.0,273428000.0,241006000.0,6302000.0
