symbol,end_date,amend,period_focus,fiscal_year,doc_type,revenues,op_income,net_income,eps_basic,eps_diluted,dividend,assets,cur_assets,cur_liab,cash,equity,cash_flow_op,cash_flow_inv,cash_flow_fin,debt,goodwill,cap_ex
PRK,2010-12-31,True,FY,2010,10-K,420397000.0,,52294000.0,3.45,3.45,0.0,7282261000.0,,,109058000.0,729708000.0,126134000.0,-352080000.0,200635000.0,636733000.0,72334000.0,7602000.0
PRK,2011-03-31,True,Q1,2011,10-Q,99692000.0,,20732000.0,1.35,1.35,0.94,7323105000.0,,,111472000.0,729940000.0,8334000.0,-14425000.0,6558000.0,786709000.0,77708000.0,1990000.0
PRK,2011-06-30,True,Q2,2011,10-Q,100060000.0,,27489000.0,1.79,1.79,0.94,7322024000.0,,,131604000.0,741098000.0,28728000.0,169051000.0,-114443000.0,821202000.0,72334000.0,4055000.0
PRK,2011-09-30,True,Q3,2011,10-Q,100092000.0,,18917000.0,1.23,1.23,0.94,7095098000.0,,,132988000.0,755053000.0,77118000.0,348218000.0,-287019000.0,823722000.0,72334000.0,4765000.0
PRK,2018-12-31,False,FY,2018,10-K,107343000.0,,110387000.0,7.13,7.07,4.07,7804308000.0,,,141890000.0,832506000.0,132950000.0,44292000.0,-179140000.0,400000000.0,112739000.0,11533000.0
PRK,2011-06-30,False,Q2,2011,10-Q,98158000.0,,18853000.0,1.22,1.22,0.94,7328686000.0,,,131604000.0,747760000.0,28728000.0,169051000.0,-114443000.0,821202000.0,72334000.0,4055000.0
PRK,2011-09-30,False,Q3,2011,10-Q,98992000.0,,16845000.0,1.09,1.09,0.94,7099688000.0,,,132988000.0,759643000.0,77118000.0,348218000.0,-287019000.0,823722000.0,72334000.0,4765000.0
PRK,2011-12-31,False,FY,2011,10-K,107016000.0,,76284000.0,4.95,4.95,0.0,6972245000.0,,,137770000.0,742364000.0,126731000.0,271216000.0,-374241000.0,823182000.0,72334000.0,6618000.0
PRK,2013-06-30,False,Q2,2013,10-Q,84577000.0,,20034000.0,1.3,1.3,0.94,6640473000.0,,,117910000.0,639219000.0,50426000.0,117498000.0,-15303000.0,783136000.0,72334000.0,6621000.0
PRK,2013-03-31,False,Q1,2013,10-Q,84997000.0,,20710000.0,1.34,1.34,0.94,6747155000.0,,,99976000.0,654210000.0,25474000.0,207891000.0,85842000.0,782845000.0,72334000.0,4747000.0
PRK,2012-06-30,False,Q2,2012,10-Q,88994000.0,,16938000.0,1.1,1.1,0.94,6705574000.0,,,132561000.0,660623000.0,63090000.0,-227855000.0,215341000.0,806287000.0,72334000.0,1979000.0
PRK,2012-12-31,False,FY,2012,10-K,207259000.0,,75205000.0,4.88,4.88,0.0,6642803000.0,,,164120000.0,650366000.0,105201000.0,-194748000.0,133366000.0,781658000.0,72334000.0,6964000.0
PRK,2012-09-30,False,Q3,2012,10-Q,88697000.0,,11982000.0,0.78,0.78,0.94,6752938000.0,,,114186000.0,659127000.0,95221000.0,-177663000.0,206251000.0,806273000.0,72334000.0,5850000.0
PRK,2012-03-31,False,Q1,2012,10-Q,114458000.0,,29998000.0,1.95,1.95,0.94,6776851000.0,,,121730000.0,756429000.0,26937000.0,-331547000.0,308254000.0,821801000.0,72334000.0,125000.0
PRK,2010-06-30,False,Q2,2010,10-Q,103889000.0,,19715000.0,1.3,1.3,0.94,7093098000.0,,,126222000.0,749939000.0,48986000.0,67295000.0,-73827000.0,652741000.0,80021000.0,3294000.0
PRK,2010-09-30,False,Q3,2010,10-Q,104212000.0,,18125000.0,1.19,1.19,0.94,7090456000.0,,,115795000.0,756627000.0,81001000.0,50594000.0,-157100000.0,642717000.0,79199000.0,6579000.0
PRK,2010-12-31,False,FY,2010,10-K,423013000.0,,68410000.0,4.51,4.51,0.0,7298377000.0,,,109058000.0,745824000.0,126134000.0,-352080000.0,200635000.0,636733000.0,72334000.0,7602000.0
PRK,2011-03-31,False,Q1,2011,10-Q,97833000.0,,19914000.0,1.29,1.29,0.94,7338403000.0,,,111472000.0,745238000.0,8334000.0,-14425000.0,6558000.0,786709000.0,77708000.0,1990000.0
PRK,2014-09-30,False,Q3,2014,10-Q,86018000.0,,18303000.0,1.19,1.19,0.94,7013272000.0,,,101760000.0,688016000.0,70990000.0,-210004000.0,295270000.0,788685000.0,72334000.0,4865000.0
PRK,2013-09-30,False,Q3,2013,10-Q,82806000.0,,19029000.0,1.23,1.23,0.94,6705891000.0,,,135440000.0,632745000.0,83008000.0,-13035000.0,43596000.0,809336000.0,72334000.0,7731000.0
PRK,2015-06-30,False,Q2,2015,10-Q,84995000.0,,21039000.0,1.37,1.37,0.94,7309569000.0,,,127501000.0,705963000.0,34674000.0,-128866000.0,260779000.0,735062000.0,72334000.0,6703000.0
PRK,2014-03-31,False,Q1,2014,10-Q,80990000.0,,19619000.0,1.27,1.27,0.94,6811072000.0,,,120100000.0,666436000.0,9391000.0,16715000.0,155601000.0,786750000.0,72334000.0,2123000.0
PRK,2013-12-31,False,FY,2013,10-K,24190000.0,,77227000.0,5.01,5.01,0.0,6638347000.0,,,129078000.0,651747000.0,114552000.0,-106749000.0,-62078000.0,810541000.0,72334000.0,8842000.0
PRK,2015-12-31,False,FY,2015,10-K,63121000.0,,81012000.0,5.27,5.26,0.0,7311354000.0,,,119412000.0,713355000.0,88702000.0,-395468000.0,218526000.0,738105000.0,72334000.0,11361000.0
PRK,2014-12-31,False,FY,2014,10-K,63970000.0,,84090000.0,5.46,5.46,0.0,7003256000.0,,,133511000.0,698598000.0,122728000.0,-280565000.0,248506000.0,786602000.0,72334000.0,7444000.0
PRK,2015-03-31,False,Q1,2015,10-Q,83891000.0,,19044000.0,1.24,1.23,0.94,7303999000.0,,,108528000.0,707431000.0,9076000.0,53658000.0,280052000.0,733555000.0,72334000.0,3401000.0
PRK,2016-09-30,False,Q3,2016,10-Q,88777000.0,,27449000.0,1.79,1.78,0.94,7364092000.0,,,117457000.0,751063000.0,57810000.0,79972000.0,-47243000.0,742723000.0,72334000.0,5516000.0
PRK,2016-03-31,False,Q1,2016,10-Q,86697000.0,,18686000.0,1.22,1.21,0.94,7428185000.0,,,105664000.0,729701000.0,12884000.0,85422000.0,70138000.0,739636000.0,72334000.0,1581000.0
PRK,2016-06-30,False,Q2,2016,10-Q,85747000.0,,19998000.0,1.3,1.3,0.94,7431610000.0,,,119873000.0,739887000.0,37173000.0,65353000.0,63904000.0,741174000.0,72334000.0,3929000.0
PRK,2015-09-30,False,Q3,2015,10-Q,87278000.0,,20040000.0,1.3,1.3,0.94,7300340000.0,,,102928000.0,715803000.0,53830000.0,-135431000.0,226157000.0,736580000.0,72334000.0,9464000.0
PRK,2014-06-30,False,Q2,2014,10-Q,86034000.0,,21827000.0,1.42,1.42,0.94,6789173000.0,,,141020000.0,686971000.0,34395000.0,-74388000.0,89929000.0,787465000.0,72334000.0,3319000.0
PRK,2017-03-31,False,Q1,2017,10-Q,86262000.0,,20267000.0,1.32,1.31,0.94,7744690000.0,,,106529000.0,744122000.0,23116000.0,-31317000.0,253527000.0,745840000.0,72334000.0,1379000.0
PRK,2016-12-31,False,FY,2016,10-K,63245000.0,,86135000.0,5.62,5.59,0.0,7467586000.0,,,122811000.0,742240000.0,87887000.0,-152560000.0,61660000.0,694281000.0,72334000.0,7466000.0
PRK,2017-06-30,False,Q2,2017,10-Q,89727000.0,,19032000.0,1.24,1.24,0.94,7832092000.0,,,128420000.0,752248000.0,40006000.0,-89463000.0,314090000.0,847388000.0,72334000.0,2474000.0
PRK,2018-09-30,False,Q3,2018,10-Q,104293000.0,,24762000.0,1.58,1.56,0.96,7756491000.0,,,106578000.0,809091000.0,98119000.0,65556000.0,-188183000.0,400000000.0,112739000.0,7145000.0
PRK,2018-03-31,False,Q1,2018,10-Q,100617000.0,,31123000.0,2.04,2.02,0.94,7518970000.0,,,110163000.0,752774000.0,21972000.0,115708000.0,-30211000.0,425000000.0,72334000.0,2473000.0
PRK,2018-06-30,False,Q2,2018,10-Q,97933000.0,,28241000.0,1.85,1.83,1.21,7462156000.0,,,122915000.0,755088000.0,60522000.0,32435000.0,-115910000.0,400000000.0,72334000.0,3950000.0
PRK,2017-09-30,False,Q3,2017,10-Q,95313000.0,,22112000.0,1.45,1.44,0.94,7862695000.0,,,118884000.0,759367000.0,66666000.0,-82380000.0,319620000.0,848992000.0,72334000.0,4995000.0
PRK,2017-12-31,False,FY,2017,10-K,64726000.0,,84242000.0,5.51,5.47,3.76,7537620000.0,,,131946000.0,756101000.0,87991000.0,-61971000.0,-3354000.0,500000000.0,72334000.0,7018000.0
