symbol,end_date,amend,period_focus,fiscal_year,doc_type,revenues,op_income,net_income,eps_basic,eps_diluted,dividend,assets,cur_assets,cur_liab,cash,equity,cash_flow_op,cash_flow_inv,cash_flow_fin,debt,goodwill,cap_ex
PRSC,2013-03-31,False,Q1,2013,10-Q,281487000.0,13105000.0,6678000.0,0.51,0.49,0.0,407870000.0,194525000.0,141761000.0,83080000.0,127100000.0,29801000.0,-1400000.0,-1101000.0,127250000.0,113866000.0,1438000.0
PRSC,2013-06-30,False,Q2,2013,10-Q,287637000.0,11453000.0,5876000.0,0.44,0.43,0.0,420243000.0,202405000.0,194072000.0,73974000.0,138573000.0,30077000.0,-12060000.0,330000.0,123500000.0,113298000.0,3494000.0
PRSC,2011-09-30,False,Q3,2011,10-Q,235552143.0,5938838.0,1950954.0,0.15,0.15,0.0,378083274.0,159445780.0,111860817.0,48505593.0,102255709.0,31922051.0,-12604194.0,-31988764.0,,113708269.0,8675354.0
PRSC,2018-12-31,False,FY,2018,10-K,282067000.0,24276000.0,-25257000.0,-1.95,-1.94,0.0,572246000.0,210980000.0,142883000.0,5678000.0,310998000.0,7899000.0,-45322000.0,-51555000.0,,135216000.0,17521000.0
PRSC,2013-09-30,False,Q3,2013,10-Q,276713000.0,7976000.0,3527000.0,0.26,0.25,0.0,424881000.0,209884000.0,175641000.0,91103000.0,145821000.0,45659000.0,-11476000.0,1198000.0,123500000.0,113345000.0,6413000.0
PRSC,2012-03-31,False,Q1,2012,10-Q,260147117.0,6593296.0,3041591.0,0.23,0.23,0.0,389583470.0,168198246.0,112360869.0,47054804.0,113386478.0,9153807.0,-2830334.0,-2530816.0,,113979512.0,4168120.0
PRSC,2014-03-31,False,Q1,2014,10-Q,289403000.0,12080000.0,6287000.0,0.45,0.44,0.0,434722000.0,226114000.0,180606000.0,105840000.0,157409000.0,7846000.0,-1203000.0,357000.0,,113154000.0,2723000.0
PRSC,2011-12-31,False,FY,2011,10-K,942980596.0,36639165.0,16940194.0,1.28,1.27,0.0,379052827.0,158093398.0,106886803.0,43183878.0,109022540.0,31038238.0,-14615765.0,-34455563.0,,113736998.0,11305219.0
PRSC,2012-12-31,False,FY,2012,10-K,1105888574.0,24200504.0,8482239.0,0.64,0.64,0.0,391737421.0,176199293.0,132628823.0,55862832.0,118687355.0,42487706.0,-6635225.0,-23198481.0,130000000.0,113915468.0,9522527.0
PRSC,2012-09-30,False,Q3,2012,10-Q,280285357.0,4981773.0,1157669.0,0.09,0.09,0.0,401920511.0,183960978.0,134172344.0,63757209.0,114941424.0,39937374.0,-6033147.0,-13406694.0,140500000.0,113946788.0,7564598.0
PRSC,2014-06-30,False,Q2,2014,10-Q,343953000.0,13463000.0,6672000.0,0.47,0.46,0.0,662989000.0,298899000.0,220093000.0,123000000.0,176791000.0,18275000.0,-72686000.0,77787000.0,191600000.0,175521000.0,8267000.0
PRSC,2013-12-31,False,FY,2013,10-K,1122682000.0,38634000.0,19438000.0,1.44,1.41,0.0,424758000.0,211672000.0,174065000.0,98995000.0,150637000.0,55237000.0,-13843000.0,2051000.0,123500000.0,113263000.0,10183000.0
PRSC,2012-06-30,False,Q2,2012,10-Q,278937155.0,4369611.0,1418038.0,0.11,0.11,0.0,399923399.0,176848171.0,125028477.0,50179358.0,115774733.0,17102359.0,-5077890.0,-4945027.0,145493000.0,113850473.0,6329008.0
PRSC,2014-09-30,False,Q3,2014,10-Q,394218000.0,1837000.0,266000.0,0.02,0.02,0.0,657767000.0,301677000.0,222330000.0,136898000.0,175734000.0,34372000.0,-75115000.0,80022000.0,191600000.0,162561000.0,11623000.0
PRSC,2011-06-30,False,Q2,2011,10-Q,235310061.0,9935598.0,4854905.0,0.37,0.36,0.0,389492489.0,169413608.0,110317301.0,54166262.0,100065111.0,21863830.0,-11624649.0,-17408763.0,,113839200.0,6529514.0
PRSC,2015-03-31,False,Q1,2015,10-Q,505795000.0,22343000.0,5093000.0,0.32,0.32,0.0,1198558000.0,420183000.0,294313000.0,170130000.0,228928000.0,15378000.0,-7370000.0,4745000.0,504023000.0,353995000.0,6394000.0
PRSC,2015-06-30,False,Q2,2015,10-Q,508251000.0,19920000.0,4181000.0,0.26,0.26,0.0,1217044000.0,418821000.0,320934000.0,145161000.0,243088000.0,23603000.0,-28993000.0,-11846000.0,488330000.0,358483000.0,13122000.0
PRSC,2016-03-31,False,Q1,2016,10-Q,432650000.0,12654000.0,1002000.0,0.07,0.07,0.0,1025851000.0,305487000.0,283586000.0,95217000.0,270933000.0,34634000.0,-10534000.0,-13211000.0,307853000.0,339227000.0,9814000.0
PRSC,2016-06-30,False,Q2,2016,10-Q,450632000.0,13395000.0,3104000.0,0.21,0.21,0.0,1036265000.0,325379000.0,311073000.0,68824000.0,256083000.0,37497000.0,-26177000.0,-26733000.0,308078000.0,337158000.0,23636000.0
PRSC,2014-12-31,False,FY,2014,10-K,1481171000.0,42340000.0,20275000.0,1.37,1.35,0.0,1165245000.0,374646000.0,339458000.0,160406000.0,221414000.0,55195000.0,-443355000.0,453096000.0,575213000.0,355641000.0,23242000.0
PRSC,2015-09-30,False,Q3,2015,10-Q,432450000.0,6878000.0,-6687000.0,-0.41,-0.41,0.0,1196553000.0,414659000.0,315459000.0,106724000.0,235212000.0,25691000.0,-42518000.0,-16639000.0,482035000.0,340854000.0,23834000.0
PRSC,2015-12-31,False,FY,2015,10-K,1695446000.0,23996000.0,68601000.0,4.3,4.3,0.0,1053976000.0,319724000.0,295272000.0,84770000.0,290132000.0,13240000.0,143290000.0,-231255000.0,303845000.0,340029000.0,35072000.0
PRSC,2016-09-30,False,Q3,2016,10-Q,412512000.0,9793000.0,-717000.0,-0.05,-0.05,0.0,1024057000.0,323035000.0,593802000.0,52362000.0,236537000.0,44981000.0,-35150000.0,-31945000.0,322898000.0,126167000.0,33928000.0
PRSC,2017-06-30,False,Q2,2017,10-Q,407983000.0,5999000.0,2434000.0,0.18,0.18,0.0,682876000.0,286223000.0,238621000.0,56583000.0,285668000.0,9261000.0,-4795000.0,-20751000.0,,120818000.0,10745000.0
PRSC,2017-03-31,False,Q1,2017,10-Q,399494000.0,6788000.0,-5473000.0,-0.4,-0.4,0.0,697756000.0,299872000.0,258523000.0,82882000.0,277482000.0,36198000.0,-5712000.0,-20414000.0,,119893000.0,5738000.0
PRSC,2017-09-30,False,Q3,2017,10-Q,409517000.0,6309000.0,11962000.0,0.88,0.88,0.0,708988000.0,313176000.0,248343000.0,92178000.0,304199000.0,36930000.0,4869000.0,-22347000.0,,121555000.0,15293000.0
PRSC,2018-06-30,False,Q2,2018,10-Q,411794000.0,-9314000.0,-12321000.0,-0.95,-0.95,0.0,680235000.0,289080000.0,255561000.0,29700000.0,291915000.0,-7916000.0,-5662000.0,-48006000.0,0.0,121138000.0,8792000.0
PRSC,2016-12-31,False,FY,2016,10-K,1578889000.0,8617000.0,74374000.0,5.07,5.07,0.0,694394000.0,294911000.0,227318000.0,72262000.0,297675000.0,41483000.0,323905000.0,-376539000.0,,119624000.0,41216000.0
PRSC,2017-12-31,False,FY,2017,10-K,1623882000.0,36033000.0,41865000.0,3.08,3.06,0.0,704090000.0,296329000.0,226930000.0,95310000.0,336017000.0,55044000.0,814000.0,-33788000.0,0.0,121668000.0,19923000.0
PRSC,2018-03-31,False,Q1,2018,10-Q,406046000.0,9600000.0,3762000.0,0.29,0.29,0.0,720243000.0,318190000.0,259796000.0,86229000.0,321054000.0,25618000.0,-4987000.0,-30259000.0,,122540000.0,4987000.0
PRSC,2018-09-30,False,Q3,2018,10-Q,421319000.0,6867000.0,5298000.0,0.41,0.41,0.0,703959000.0,261088000.0,263969000.0,47492000.0,299831000.0,22470000.0,-57993000.0,-13856000.0,,160420000.0,13194000.0
