symbol,end_date,amend,period_focus,fiscal_year,doc_type,revenues,op_income,net_income,eps_basic,eps_diluted,dividend,assets,cur_assets,cur_liab,cash,equity,cash_flow_op,cash_flow_inv,cash_flow_fin,debt,goodwill,cap_ex
PVH,2010-10-31,False,Q3,2010,10-Q,1516419000.0,,80732000.0,1.15,1.12,0.0375,6889539000.0,1914579000.0,855958000.0,491437000.0,2415158000.0,136344000.0,-2718534000.0,2577087000.0,,1752417000.0,55399000.0
PVH,2018-11-04,False,Q3,2018,10-Q,2524500000.0,282300000.0,243100000.0,3.18,3.15,0.0375,11830900000.0,3307800000.0,1898600000.0,398500000.0,5681200000.0,304900000.0,-285700000.0,-93300000.0,2878300000.0,3655200000.0,269800000.0
PVH,2011-01-30,False,FY,2010,10-K,4636848000.0,,53805000.0,0.82,0.8,0.0,6735334000.0,1810563000.0,908162000.0,498718000.0,2442557000.0,352227000.0,-2778265000.0,2433470000.0,,1803399000.0,100995000.0
PVH,2010-08-01,False,Q2,2010,10-Q,1103268000.0,,-54587000.0,-0.83,-0.83,0.0,6520410000.0,1683993000.0,786929000.0,475340000.0,2195568000.0,101548000.0,-2681563000.0,2562302000.0,,1701641000.0,29014000.0
PVH,2011-05-01,False,Q1,2011,10-Q,1369184000.0,,57667000.0,0.81,0.79,0.075,6834052000.0,1658344000.0,856540000.0,294958000.0,2670989000.0,-12023000.0,-57787000.0,-149122000.0,,1929797000.0,34467000.0
PVH,2011-07-31,False,Q2,2011,10-Q,1334444000.0,,62809000.0,0.94,0.92,0.0,6870149000.0,1740842000.0,972192000.0,287691000.0,2711205000.0,135745000.0,-114054000.0,-244777000.0,2141878000.0,1904388000.0,73899000.0
PVH,2012-01-29,False,FY,2011,10-K,5890624000.0,,299219000.0,4.46,4.36,0.0375,6752361000.0,1739235000.0,1043871000.0,233197000.0,2715449000.0,490721000.0,-303861000.0,-443661000.0,1902876000.0,1822475000.0,169841000.0
PVH,2011-10-30,False,Q3,2011,10-Q,1654160000.0,,105648000.0,1.57,1.54,0.0375,6896365000.0,1774040000.0,983676000.0,159981000.0,2774893000.0,173340000.0,-226788000.0,-293171000.0,2091556000.0,1884699000.0,117892000.0
PVH,2012-04-29,False,Q1,2012,10-Q,1427406000.0,,88674000.0,1.29,1.27,0.075,6780397000.0,1727953000.0,981893000.0,238612000.0,2829309000.0,-508000.0,-52609000.0,56599000.0,1874339000.0,1845237000.0,39074000.0
PVH,2012-07-29,False,Q2,2012,10-Q,1336623000.0,,85173000.0,1.21,1.19,0.0,6731488000.0,1819938000.0,1109393000.0,261986000.0,2781200000.0,207298000.0,-107434000.0,-63257000.0,1803485000.0,1777724000.0,81685000.0
PVH,2012-10-28,False,Q3,2012,10-Q,1642770000.0,,160642000.0,2.28,2.24,0.0375,6985971000.0,1912119000.0,1139966000.0,276630000.0,3046624000.0,285378000.0,-187746000.0,-53249000.0,1731596000.0,1855195000.0,137048000.0
PVH,2014-05-04,False,Q1,2014,10-Q,1963700000.0,,35300000.0,0.43,0.42,0.0375,11629000000.0,2927300000.0,1466400000.0,513000000.0,4479500000.0,-51400000.0,-86200000.0,52800000.0,3961300000.0,3577700000.0,50700000.0
PVH,2013-02-03,False,FY,2012,10-K,6042999000.0,,421295000.0,5.98,5.87,0.0375,7781549000.0,2437006000.0,1162447000.0,892209000.0,3252569000.0,569537000.0,-307933000.0,384815000.0,2299642000.0,1958887000.0,210554000.0
PVH,2014-08-03,False,Q2,2014,10-Q,1975600000.0,,126500000.0,1.54,1.52,0.075,11585300000.0,2994500000.0,1604100000.0,461100000.0,4530300000.0,170200000.0,-150600000.0,-153300000.0,3742200000.0,3530300000.0,102700000.0
PVH,2013-05-05,False,Q1,2013,10-Q,1910160000.0,,-20052000.0,-0.25,-0.25,0.075,11607284000.0,3082451000.0,1287703000.0,746281000.0,4113689000.0,-116952000.0,-1875259000.0,1853365000.0,4461088000.0,3320525000.0,45730000.0
PVH,2013-08-04,False,Q2,2013,10-Q,1964847000.0,,-15996000.0,-0.2,-0.2,0.0375,11514746000.0,3080645000.0,1425202000.0,628920000.0,4047760000.0,62041000.0,-1947634000.0,1632526000.0,4280151000.0,3368002000.0,105571000.0
PVH,2013-11-03,False,Q3,2013,10-Q,2259125000.0,,196713000.0,2.41,2.37,0.0375,11651620000.0,3064953000.0,1301912000.0,542533000.0,4335567000.0,53918000.0,-2022567000.0,1621813000.0,4259552000.0,3460505000.0,166194000.0
PVH,2014-02-02,False,FY,2013,10-K,8186351000.0,,143537000.0,1.77,1.74,0.0375,11575578000.0,2998592000.0,1552397000.0,593159000.0,4335179000.0,411859000.0,-2057329000.0,1354893000.0,3963221000.0,3506771000.0,237142000.0
PVH,2015-05-03,False,Q1,2015,10-Q,1879300000.0,,114100000.0,1.38,1.37,0.075,10772400000.0,2735700000.0,1227600000.0,419300000.0,4444500000.0,60400000.0,-62600000.0,-59500000.0,3489000000.0,3261000000.0,48500000.0
PVH,2015-08-02,False,Q2,2015,10-Q,1864000000.0,,102200000.0,1.24,1.22,0.0375,10745000000.0,2819800000.0,1369000000.0,466700000.0,4409800000.0,323000000.0,-127200000.0,-197400000.0,3373900000.0,3220200000.0,100900000.0
PVH,2014-11-02,False,Q3,2014,10-Q,2233100000.0,,225700000.0,2.74,2.71,0.0375,11265700000.0,2866700000.0,1378700000.0,365100000.0,4583800000.0,323900000.0,-240200000.0,-304800000.0,3718000000.0,3435000000.0,173500000.0
PVH,2015-02-01,False,FY,2014,10-K,8241200000.0,,439000000.0,5.33,5.27,0.0375,10931800000.0,2901200000.0,1428600000.0,479300000.0,4364300000.0,789100000.0,-357700000.0,-514500000.0,3538000000.0,3259100000.0,255800000.0
PVH,2016-01-31,False,FY,2015,10-K,8020300000.0,760500000.0,572400000.0,6.95,6.89,0.0375,10696400000.0,2812600000.0,1527200000.0,556400000.0,4552300000.0,899600000.0,-321500000.0,-478400000.0,3190900000.0,3219300000.0,263800000.0
PVH,2016-10-30,False,Q3,2016,10-Q,2244300000.0,197900000.0,126200000.0,1.58,1.56,0.0375,11068600000.0,2948100000.0,1356400000.0,662400000.0,4794300000.0,576400000.0,-365700000.0,-110400000.0,3303100000.0,3495400000.0,163000000.0
PVH,2017-07-30,False,Q2,2017,10-Q,2069900000.0,180500000.0,119700000.0,1.54,1.52,0.0375,11453900000.0,2935500000.0,1633200000.0,559400000.0,5095200000.0,202900000.0,-205400000.0,-183800000.0,3185700000.0,3669400000.0,156000000.0
PVH,2015-11-01,False,Q3,2015,10-Q,2164500000.0,,221900000.0,2.69,2.67,0.0375,10805400000.0,2858200000.0,1366400000.0,369900000.0,4545600000.0,388100000.0,-210400000.0,-276100000.0,3339600000.0,3237100000.0,169000000.0
PVH,2017-04-30,False,Q1,2017,10-Q,1989000000.0,113200000.0,70400000.0,0.9,0.89,0.075,10912300000.0,2655200000.0,1378200000.0,490900000.0,4875000000.0,-44900000.0,-103900000.0,-94300000.0,3157100000.0,3545400000.0,68400000.0
PVH,2016-05-01,False,Q1,2016,10-Q,1917800000.0,294600000.0,231600000.0,2.85,2.83,0.075,10885100000.0,2528200000.0,1394900000.0,365100000.0,4862300000.0,109200000.0,-218200000.0,-97100000.0,3118300000.0,3572300000.0,45900000.0
PVH,2016-07-31,False,Q2,2016,10-Q,1933300000.0,143000000.0,90500000.0,1.12,1.11,0.0375,11179800000.0,2939000000.0,1388200000.0,741700000.0,4803500000.0,408700000.0,-270500000.0,35100000.0,3358200000.0,3536100000.0,102800000.0
PVH,2018-05-06,False,Q1,2018,10-Q,2314600000.0,244300000.0,179400000.0,2.33,2.29,0.075,11714600000.0,3041600000.0,1727100000.0,434500000.0,5564600000.0,-125700000.0,-92600000.0,166000000.0,3013200000.0,3762400000.0,76700000.0
PVH,2017-01-29,False,FY,2016,10-K,8203100000.0,789200000.0,549000000.0,6.84,6.79,0.0375,11067900000.0,2879600000.0,1564800000.0,730100000.0,4804500000.0,954800000.0,-480900000.0,-303200000.0,3197300000.0,3469900000.0,246600000.0
PVH,2018-08-05,False,Q2,2018,10-Q,2333700000.0,231400000.0,165200000.0,2.15,2.12,0.0375,11697700000.0,3166000000.0,1835700000.0,431100000.0,5565400000.0,310900000.0,-180800000.0,-172200000.0,2893500000.0,3678800000.0,164900000.0
PVH,2017-10-29,False,Q3,2017,10-Q,2357000000.0,280700000.0,239200000.0,3.09,3.05,0.0375,11658200000.0,3144100000.0,1726300000.0,612300000.0,5249800000.0,243100000.0,-312000000.0,-64300000.0,3182700000.0,3685800000.0,235200000.0
PVH,2018-02-04,False,FY,2017,10-K,8914800000.0,632400000.0,537800000.0,6.93,6.84,0.0375,11885700000.0,3030800000.0,1871600000.0,493900000.0,5536400000.0,699800000.0,-459100000.0,-508200000.0,3061300000.0,3834700000.0,358100000.0
