symbol,end_date,amend,period_focus,fiscal_year,doc_type,revenues,op_income,net_income,eps_basic,eps_diluted,dividend,assets,cur_assets,cur_liab,cash,equity,cash_flow_op,cash_flow_inv,cash_flow_fin,debt,goodwill,cap_ex
PXD,2018-12-31,False,FY,2018,10-K,9415000000.0,,978000000.0,5.71,5.7,0.32,17903000000.0,2580000000.0,1818000000.0,825000000.0,12111000000.0,3242000000.0,-2610000000.0,-703000000.0,2284000000.0,264000000.0,263000000.0
PXD,2009-09-30,False,Q3,2009,10-Q,410087000.0,,-7165000.0,-0.06,-0.06,0.04,8681068000.0,422962000.0,517820000.0,55615000.0,3534232000.0,410825000.0,-312991000.0,-90556000.0,,309371000.0,17310000.0
PXD,2011-03-31,False,Q1,2011,10-Q,676570000.0,,342454000.0,2.96,2.96,0.04,10025986000.0,1235593000.0,695864000.0,520651000.0,4553567000.0,143214000.0,334168000.0,-67891000.0,,298145000.0,129280000.0
PXD,2010-06-30,False,Q2,2010,10-Q,662394000.0,,167576000.0,1.42,1.41,0.0,9112322000.0,712578000.0,587285000.0,197686000.0,4058133000.0,693214000.0,-238373000.0,-284523000.0,,298563000.0,74183000.0
PXD,2011-09-30,False,Q3,2011,10-Q,1031689000.0,,344667000.0,2.96,2.95,0.04,10985043000.0,1103643000.0,776117000.0,210565000.0,5196667000.0,1030038000.0,-854853000.0,-75780000.0,,298154000.0,265740000.0
PXD,2011-06-30,False,Q2,2011,10-Q,602089000.0,,240730000.0,2.07,2.03,0.0,10353088000.0,1071107000.0,755641000.0,352421000.0,4815964000.0,564454000.0,-241852000.0,-81341000.0,,298177000.0,215367000.0
PXD,2009-12-31,False,FY,2009,10-K,1711516000.0,,-52106000.0,-0.46,-0.46,0.08,8867265000.0,616118000.0,571191000.0,27368000.0,3643031000.0,543059000.0,-410985000.0,-153043000.0,,309259000.0,25345000.0
PXD,2010-12-31,False,FY,2010,10-K,2471590000.0,,591312000.0,5.14,5.08,0.08,9679102000.0,1197183000.0,769220000.0,111160000.0,4226025000.0,1285023000.0,-954856000.0,-246375000.0,2601670000.0,298182000.0,184330000.0
PXD,2011-12-31,False,FY,2011,10-K,2786585000.0,,819311000.0,7.01,6.88,0.08,11524161000.0,1479297000.0,1011798000.0,537484000.0,5651138000.0,1529714000.0,-1560787000.0,457397000.0,2528905000.0,298142000.0,363246000.0
PXD,2012-09-30,False,Q3,2012,10-Q,603398000.0,,18867000.0,0.15,0.15,0.04,12814001000.0,1579884000.0,991848000.0,333886000.0,5800109000.0,1357470000.0,-2516089000.0,955021000.0,3562070000.0,293449000.0,238803000.0
PXD,2012-06-30,False,Q2,2012,10-Q,924732000.0,,-70657000.0,-0.57,-0.57,0.0,12569734000.0,1284033000.0,1128991000.0,317769000.0,5756976000.0,925410000.0,-1822066000.0,676941000.0,3285497000.0,298142000.0,164230000.0
PXD,2010-09-30,False,Q3,2010,10-Q,616652000.0,,112036000.0,0.95,0.94,0.04,9297120000.0,689476000.0,596221000.0,78165000.0,4157838000.0,901722000.0,-564202000.0,-286723000.0,,298413000.0,147930000.0
PXD,2012-03-31,False,Q1,2012,10-Q,882750000.0,,212171000.0,1.73,1.68,0.04,12025559000.0,1367109000.0,1110122000.0,316918000.0,5832671000.0,426086000.0,-679666000.0,33014000.0,3485767000.0,298142000.0,59841000.0
PXD,2009-06-30,False,Q2,2009,10-Q,459343000.0,,-91592000.0,-0.8,-0.8,0.0,8872842000.0,481850000.0,579759000.0,64323000.0,3541086000.0,223907000.0,-88744000.0,-115316000.0,,310551000.0,21399000.0
PXD,2013-09-30,False,Q3,2013,10-Q,826822000.0,,89886000.0,0.65,0.65,0.04,14544944000.0,1533261000.0,1214811000.0,744120000.0,7762751000.0,1604268000.0,-1461908000.0,372364000.0,2851212000.0,279687000.0,159896000.0
PXD,2013-03-31,False,Q1,2013,10-Q,831587000.0,,99393000.0,0.77,0.75,0.04,13761297000.0,1196414000.0,971866000.0,430298000.0,7266071000.0,360074000.0,-707176000.0,548004000.0,3017280000.0,298142000.0,56169000.0
PXD,2012-12-31,False,FY,2012,10-K,3228308000.0,,189256000.0,1.54,1.5,0.08,13069030000.0,1050355000.0,1034790000.0,229396000.0,5867308000.0,1837577000.0,-3256410000.0,1110745000.0,3721193000.0,298142000.0,296809000.0
PXD,2014-03-31,False,Q1,2014,10-Q,963000000.0,,123000000.0,0.85,0.85,0.04,12465000000.0,1542000000.0,1238000000.0,257000000.0,6724000000.0,466000000.0,-626000000.0,24000000.0,,274000000.0,48000000.0
PXD,2014-06-30,False,Q2,2014,10-Q,953000000.0,,1000000.0,0.01,0.01,0.0,12710000000.0,1380000000.0,1465000000.0,445000000.0,6750000000.0,1183000000.0,-1103000000.0,-28000000.0,,274000000.0,110000000.0
PXD,2013-12-31,False,FY,2013,10-K,3719510000.0,,-838544000.0,-6.16,-6.16,0.08,12292788000.0,1728434000.0,1250106000.0,392646000.0,6614758000.0,2145279000.0,-2139804000.0,157775000.0,2653059000.0,274329000.0,2800000.0
PXD,2015-09-30,False,Q3,2015,10-Q,2218000000.0,,640000000.0,4.28,4.27,0.04,14965000000.0,2403000000.0,1147000000.0,581000000.0,8981000000.0,789000000.0,-1208000000.0,-25000000.0,0.0,272000000.0,191000000.0
PXD,2013-06-30,False,Q2,2013,10-Q,1181727000.0,,332679000.0,2.42,2.4,0.0,14162587000.0,1465192000.0,1012128000.0,695625000.0,7648157000.0,935860000.0,-813696000.0,344065000.0,2823428000.0,279687000.0,100591000.0
PXD,2014-09-30,False,Q3,2014,10-Q,1513000000.0,,374000000.0,2.58,2.58,0.04,13272000000.0,1491000000.0,1439000000.0,550000000.0,7153000000.0,1798000000.0,-1628000000.0,-13000000.0,0.0,272000000.0,224000000.0
PXD,2014-12-31,False,FY,2014,10-K,5055000000.0,,920000000.0,6.4,6.38,0.08,14926000000.0,2359000000.0,1580000000.0,1025000000.0,8589000000.0,2366000000.0,-2699000000.0,965000000.0,2665000000.0,272000000.0,333000000.0
PXD,2015-06-30,False,Q2,2015,10-Q,648000000.0,,-218000000.0,-1.46,-1.46,0.0,14002000000.0,1305000000.0,1033000000.0,219000000.0,8308000000.0,432000000.0,-1206000000.0,-32000000.0,0.0,272000000.0,130000000.0
PXD,2015-03-31,False,Q1,2015,10-Q,868000000.0,,-78000000.0,-0.52,-0.52,0.04,14347000000.0,1694000000.0,1162000000.0,383000000.0,8499000000.0,104000000.0,-717000000.0,-29000000.0,0.0,272000000.0,63000000.0
PXD,2015-12-31,False,FY,2015,10-K,4825000000.0,,-273000000.0,-1.83,-1.83,0.08,15154000000.0,3194000000.0,1462000000.0,1391000000.0,8375000000.0,1248000000.0,-1840000000.0,958000000.0,3655000000.0,272000000.0,283000000.0
PXD,2016-09-30,False,Q3,2016,10-Q,1186000000.0,,22000000.0,0.13,0.13,0.04,16325000000.0,3454000000.0,1377000000.0,891000000.0,10431000000.0,960000000.0,-3514000000.0,2054000000.0,0.0,272000000.0,156000000.0
PXD,2016-06-30,False,Q2,2016,10-Q,786000000.0,,-268000000.0,-1.63,-1.63,0.0,16808000000.0,4699000000.0,1831000000.0,1825000000.0,10386000000.0,521000000.0,-2589000000.0,2502000000.0,0.0,272000000.0,126000000.0
PXD,2017-06-30,False,Q2,2017,10-Q,1630000000.0,,231000000.0,1.36,1.36,0.0,16271000000.0,3064000000.0,1558000000.0,660000000.0,10602000000.0,843000000.0,-773000000.0,-528000000.0,0.0,270000000.0,176000000.0
PXD,2017-03-31,False,Q1,2017,10-Q,1468000000.0,,-42000000.0,-0.25,-0.25,0.04,15749000000.0,2940000000.0,952000000.0,663000000.0,10348000000.0,364000000.0,-298000000.0,-521000000.0,0.0,272000000.0,86000000.0
PXD,2016-12-31,False,FY,2016,10-K,3824000000.0,,-556000000.0,-3.34,-3.34,0.08,16459000000.0,3298000000.0,1566000000.0,1118000000.0,10411000000.0,1498000000.0,-3820000000.0,2049000000.0,3213000000.0,272000000.0,203000000.0
PXD,2016-03-31,False,Q1,2016,10-Q,685000000.0,,-267000000.0,-1.65,-1.65,0.04,16171000000.0,4081000000.0,1783000000.0,1612000000.0,9695000000.0,111000000.0,-1463000000.0,1573000000.0,0.0,272000000.0,79000000.0
PXD,2018-06-30,False,Q2,2018,10-Q,2111000000.0,,66000000.0,0.38,0.38,0.0,17449000000.0,2459000000.0,2262000000.0,792000000.0,11484000000.0,1456000000.0,-1026000000.0,-534000000.0,0.0,269000000.0,116000000.0
PXD,2017-09-30,False,Q3,2017,10-Q,1460000000.0,,-23000000.0,-0.13,-0.13,0.04,16465000000.0,2901000000.0,1715000000.0,636000000.0,10597000000.0,1298000000.0,-1259000000.0,-521000000.0,0.0,270000000.0,252000000.0
PXD,2018-03-31,False,Q1,2018,10-Q,2150000000.0,,177000000.0,1.04,1.04,0.16,17323000000.0,2824000000.0,2250000000.0,1001000000.0,11402000000.0,554000000.0,-404000000.0,-45000000.0,0.0,269000000.0,51000000.0
PXD,2017-12-31,False,FY,2017,10-K,5455000000.0,,833000000.0,4.86,4.85,0.08,17003000000.0,3010000000.0,2128000000.0,896000000.0,11279000000.0,2090000000.0,-1783000000.0,-529000000.0,2732000000.0,270000000.0,336000000.0
PXD,2018-09-30,False,Q3,2018,10-Q,2476000000.0,,409000000.0,2.4,2.39,0.16,18024000000.0,2660000000.0,2225000000.0,919000000.0,11894000000.0,2328000000.0,-1777000000.0,-528000000.0,0.0,267000000.0,187000000.0
