symbol,end_date,amend,period_focus,fiscal_year,doc_type,revenues,op_income,net_income,eps_basic,eps_diluted,dividend,assets,cur_assets,cur_liab,cash,equity,cash_flow_op,cash_flow_inv,cash_flow_fin,debt,goodwill,cap_ex
R,2016-12-31,False,FY,2016,10-K,6786984000.0,,262477000.0,4.94,4.9,1.7,10902454000.0,1101557000.0,1744069000.0,58801000.0,2052275000.0,1601022000.0,-1405833000.0,-185922000.0,5391274000.0,386772000.0,1905157000.0
R,2017-03-31,False,Q1,2017,10-Q,1748163000.0,,38149000.0,0.72,0.71,0.44,10973807000.0,1113340000.0,1977799000.0,37951000.0,-813226000.0,331349000.0,-247130000.0,-106215000.0,5326225000.0,387096000.0,361339000.0
R,2015-06-30,False,Q2,2015,10-Q,1662931000.0,,85159000.0,1.61,1.59,0.37,10638264000.0,1135916000.0,1523732000.0,73353000.0,1913439000.0,658698000.0,-1078663000.0,445520000.0,5217025000.0,392260000.0,1329218000.0
R,2016-09-30,False,Q3,2016,10-Q,1724418000.0,,84752000.0,1.6,1.59,0.44,11108773000.0,1137559000.0,2029851000.0,74994000.0,-747445000.0,1184744000.0,-1108584000.0,-55236000.0,5519641000.0,387730000.0,1511359000.0
R,2015-03-31,False,Q1,2015,10-Q,1567153000.0,,52916000.0,1.0,0.99,0.37,9906791000.0,1078019000.0,1126537000.0,72199000.0,1811546000.0,277878000.0,-440817000.0,184837000.0,4703920000.0,391082000.0,553242000.0
R,2016-06-30,False,Q2,2016,10-Q,1703744000.0,,73750000.0,1.39,1.38,0.41,11136127000.0,1126248000.0,2018060000.0,65964000.0,2047098000.0,762672000.0,-823336000.0,69399000.0,5634014000.0,388278000.0,1120182000.0
R,2018-09-30,False,Q3,2018,10-Q,2158061000.0,,88751000.0,1.69,1.68,0.54,12684305000.0,1464656000.0,2182818000.0,60688000.0,2918398000.0,1212373000.0,-2018190000.0,784855000.0,6283110000.0,493169000.0,2200006000.0
R,2018-06-30,False,Q2,2018,10-Q,2089338000.0,,42258000.0,0.8,0.8,0.52,12228866000.0,1367756000.0,2018564000.0,73582000.0,2841403000.0,820438000.0,-1348920000.0,519062000.0,5977925000.0,480351000.0,1421301000.0
R,2018-03-31,False,Q1,2018,10-Q,1903467000.0,,33505000.0,0.64,0.63,0.52,11736157000.0,1311521000.0,1809280000.0,73857000.0,2858815000.0,314887000.0,-553044000.0,231822000.0,5677686000.0,380122000.0,662744000.0
R,2011-09-30,False,Q3,2011,10-Q,1570720000.0,,56524000.0,1.1,1.1,0.29,7445775000.0,1098406000.0,1162899000.0,115786000.0,1451428000.0,782303000.0,-1254438000.0,372138000.0,3198594000.0,379239000.0,1165135000.0
R,2015-12-31,False,FY,2015,10-K,6571893000.0,,304768000.0,5.75,5.71,1.56,10967809000.0,1098302000.0,1680255000.0,60945000.0,1987111000.0,1441788000.0,-2161355000.0,731485000.0,5517856000.0,389135000.0,2667978000.0
R,2017-09-30,False,Q3,2017,10-Q,1848529000.0,,58623000.0,1.11,1.11,0.46,11258974000.0,1252580000.0,1230329000.0,65256000.0,2175064000.0,1166191000.0,-962191000.0,-191255000.0,5349226000.0,395120000.0,1312845000.0
R,2017-06-30,False,Q2,2017,10-Q,1793214000.0,,50816000.0,0.96,0.96,0.44,11124784000.0,1176688000.0,1617364000.0,55363000.0,-780220000.0,731695000.0,-616171000.0,-121959000.0,5384844000.0,387922000.0,855252000.0
R,2017-12-31,False,FY,2017,10-K,7329599000.0,,790558000.0,14.97,14.87,1.8,11452231000.0,1322282000.0,2012778000.0,78348000.0,2835016000.0,1547986000.0,-1366340000.0,-155115000.0,5409651000.0,395504000.0,1860436000.0
R,2016-03-31,False,Q1,2016,10-Q,1629672000.0,,55794000.0,1.05,1.04,0.41,11054530000.0,1094546000.0,1593540000.0,56806000.0,2045318000.0,365009000.0,-429044000.0,63505000.0,5599440000.0,389382000.0,575031000.0
R,2015-09-30,False,Q3,2015,10-Q,1669066000.0,,90545000.0,1.71,1.69,0.41,10820186000.0,1117527000.0,1367262000.0,75387000.0,1952064000.0,1071336000.0,-1707378000.0,664783000.0,5450697000.0,390853000.0,2087294000.0
R,2018-12-31,False,FY,2018,10-K,8409215000.0,,273298000.0,5.2,5.17,2.12,13051084000.0,1568391000.0,2292321000.0,68111000.0,2910327000.0,1635095000.0,-2746492000.0,1093446000.0,6623598000.0,475206000.0,3050409000.0
R,2010-09-30,False,Q3,2010,10-Q,1316948000.0,,38835000.0,0.74,0.74,0.27,6409755000.0,949832000.0,1178168000.0,134696000.0,1408299000.0,804162000.0,-664397000.0,-96008000.0,,217204000.0,860902000.0
R,2010-06-30,False,Q2,2010,10-Q,1286123000.0,,29841000.0,0.57,0.56,0.25,6338053000.0,907546000.0,1170379000.0,108414000.0,1374679000.0,531195000.0,-408558000.0,-102024000.0,,216286000.0,544389000.0
R,2011-03-31,False,Q1,2011,10-Q,1425376000.0,,25125000.0,0.49,0.48,0.27,6982183000.0,1045112000.0,1380399000.0,155640000.0,1440276000.0,217564000.0,-311267000.0,36972000.0,,378746000.0,313218000.0
R,2010-12-31,False,FY,2010,10-K,5136435000.0,,118170000.0,2.25,2.25,1.04,6652374000.0,1023301000.0,1131519000.0,213053000.0,1404313000.0,1028034000.0,-982464000.0,78166000.0,,355842000.0,1070092000.0
R,2012-03-31,False,Q1,2012,10-Q,1536276000.0,,34321000.0,0.67,0.67,0.29,8148642000.0,1122341000.0,1761748000.0,113621000.0,1371380000.0,186276000.0,-365769000.0,187799000.0,3593174000.0,377829000.0,470969000.0
R,2011-06-30,False,Q2,2011,10-Q,1513344000.0,,40033000.0,0.78,0.77,0.27,7444289000.0,1105461000.0,1185180000.0,130156000.0,1459279000.0,472793000.0,-990495000.0,433489000.0,3241781000.0,381499000.0,817377000.0
R,2011-12-31,False,FY,2011,10-K,6050534000.0,,169777000.0,3.31,3.28,1.12,7617835000.0,1088173000.0,1173823000.0,104572000.0,1318153000.0,1041956000.0,-1657172000.0,504202000.0,3382145000.0,377306000.0,1698589000.0
R,2011-12-31,False,FY,2011,10-K,6050534000.0,,169777000.0,3.31,3.28,1.12,7617835000.0,1088173000.0,1173823000.0,104572000.0,1318153000.0,1041956000.0,-1657172000.0,504202000.0,3382145000.0,377306000.0,1698589000.0
R,2013-06-30,False,Q2,2013,10-Q,1603999000.0,,62194000.0,1.2,1.19,0.31,8560347000.0,1062335000.0,1196626000.0,73429000.0,1547359000.0,563777000.0,-687604000.0,124940000.0,3914407000.0,383371000.0,948114000.0
R,2013-03-31,False,Q1,2013,10-Q,1563017000.0,,39924000.0,0.77,0.77,0.31,8392102000.0,1070855000.0,1178870000.0,76489000.0,1491145000.0,248928000.0,-295934000.0,51570000.0,3845623000.0,383515000.0,420054000.0
R,2012-06-30,False,Q2,2012,10-Q,1563860000.0,,46723000.0,0.92,0.91,0.29,8116958000.0,1059286000.0,1361556000.0,72559000.0,1384408000.0,472021000.0,-825047000.0,322046000.0,3745648000.0,377539000.0,1203985000.0
R,2013-09-30,False,Q3,2013,10-Q,1634540000.0,,71067000.0,1.36,1.35,0.34,8807802000.0,1099491000.0,1274267000.0,74936000.0,1655456000.0,890035000.0,-1112811000.0,226391000.0,4036992000.0,384010000.0,1495824000.0
R,2012-12-31,False,FY,2012,10-K,6256967000.0,,209979000.0,4.11,4.09,1.2,8318979000.0,1040237000.0,1272665000.0,66392000.0,1467487000.0,1134124000.0,-1504273000.0,333805000.0,3820796000.0,384216000.0,2133235000.0
R,2012-09-30,False,Q3,2012,10-Q,1573295000.0,,75091000.0,1.47,1.47,0.31,8259620000.0,1079006000.0,1333833000.0,95687000.0,1477899000.0,767525000.0,-1188076000.0,412826000.0,3888090000.0,384477000.0,1694822000.0
R,2014-03-31,False,Q1,2014,10-Q,1610737000.0,,48232000.0,0.91,0.9,0.34,9367483000.0,1117116000.0,1372622000.0,72786000.0,1898541000.0,237660000.0,-441847000.0,215169000.0,4446597000.0,383200000.0,578722000.0
R,2014-06-30,False,Q2,2014,10-Q,1684571000.0,,75358000.0,1.43,1.41,0.34,9687667000.0,1137470000.0,1516680000.0,86888000.0,1964960000.0,536500000.0,-939818000.0,429953000.0,4717153000.0,383879000.0,1255222000.0
R,2013-12-31,False,FY,2013,10-K,6419285000.0,,237792000.0,4.57,4.53,1.3,9103782000.0,1062493000.0,1231139000.0,61562000.0,1896714000.0,1223082000.0,-1621654000.0,393635000.0,4189425000.0,383719000.0,2140464000.0
R,2014-09-30,False,Q3,2014,10-Q,1687150000.0,,83689000.0,1.59,1.57,0.37,9604362000.0,1122362000.0,1475573000.0,75002000.0,1982499000.0,974656000.0,-1171456000.0,213064000.0,4507557000.0,394256000.0,1741173000.0
R,2014-12-31,False,FY,2013,10-K,6638774000.0,,218575000.0,4.14,4.11,1.42,9675986000.0,1076197000.0,1093591000.0,50092000.0,1819474000.0,1369991000.0,-1578685000.0,198652000.0,4512482000.0,393029000.0,2259164000.0
