symbol,end_date,amend,period_focus,fiscal_year,doc_type,revenues,op_income,net_income,eps_basic,eps_diluted,dividend,assets,cur_assets,cur_liab,cash,equity,cash_flow_op,cash_flow_inv,cash_flow_fin,debt,goodwill,cap_ex
RBC,2010-07-03,False,Q2,2010,10-Q,584181000.0,,41720000.0,1.09,1.07,0.17,2226388000.0,1064412000.0,382275000.0,152502000.0,1252653000.0,99727000.0,-150376000.0,-58005000.0,,686348000.0,18232000.0
RBC,2018-12-29,False,FY,2018,10-K,3645600000.0,347000000.0,231200000.0,5.3,5.26,1.1,4623800000.0,1817700000.0,683500000.0,248600000.0,2338500000.0,362700000.0,-227900000.0,-17700000.0,1307100000.0,1509200000.0,77600000.0
RBC,2012-06-30,False,Q2,2012,10-Q,863900000.0,103300000.0,62700000.0,1.5,1.49,0.19,3463500000.0,1437300000.0,616800000.0,190900000.0,1690800000.0,204400000.0,-135000000.0,-20300000.0,910900000.0,1139000000.0,44800000.0
RBC,2011-12-31,False,FY,2011,10-K,2808332000.0,255713000.0,152290000.0,3.84,3.79,0.71,3266515000.0,1291121000.0,524496000.0,142627000.0,1576399000.0,265296000.0,-752142000.0,455782000.0,919189000.0,1117549000.0,57621000.0
RBC,2012-03-31,False,Q1,2012,10-Q,807900000.0,79100000.0,48700000.0,1.17,1.16,0.18,3467500000.0,1409300000.0,552300000.0,164200000.0,1685600000.0,68500000.0,-110500000.0,61800000.0,986200000.0,1147200000.0,19800000.0
RBC,2011-01-01,False,FY,2010,10-K,2237978000.0,237735000.0,149379000.0,3.91,3.84,0.67,2449136000.0,1088051000.0,399342000.0,174531000.0,1397162000.0,175388000.0,-194697000.0,-70295000.0,,775371000.0,44994000.0
RBC,2011-04-02,False,Q1,2011,10-Q,662655000.0,64120000.0,38837000.0,1.01,0.99,0.17,2544137000.0,1167397000.0,453409000.0,259457000.0,1444398000.0,56201000.0,19688000.0,7233000.0,,776710000.0,27729000.0
RBC,2010-10-02,False,Q3,2010,10-Q,590801000.0,69883000.0,44654000.0,1.16,1.14,0.17,2347601000.0,1121488000.0,396149000.0,134080000.0,1348253000.0,148587000.0,-213556000.0,-64746000.0,,711243000.0,29989000.0
RBC,2011-07-02,False,Q2,2011,10-Q,681785000.0,54809000.0,34330000.0,0.89,0.88,0.18,2646543000.0,1239714000.0,490477000.0,275348000.0,1480565000.0,109576000.0,-4371000.0,-7215000.0,442326000.0,793716000.0,38525000.0
RBC,2011-10-01,False,Q3,2011,10-Q,736885000.0,78144000.0,45671000.0,1.14,1.13,0.18,3372665000.0,1386604000.0,595913000.0,124414000.0,1557513000.0,176266000.0,-738140000.0,512095000.0,968425000.0,1135702000.0,44389000.0
RBC,2012-09-29,False,Q3,2012,10-Q,779500000.0,83300000.0,54300000.0,1.3,1.29,0.19,3423700000.0,1398600000.0,602900000.0,185800000.0,1776900000.0,276200000.0,-162500000.0,-71400000.0,865500000.0,1144900000.0,66100000.0
RBC,2013-03-30,False,Q1,2013,10-Q,778200000.0,75900000.0,49500000.0,1.1,1.09,0.19,3678400000.0,1652700000.0,601400000.0,411900000.0,2042900000.0,66000000.0,-26800000.0,-3000000.0,822200000.0,1153400000.0,20600000.0
RBC,2013-06-29,False,Q2,2013,10-Q,822000000.0,81100000.0,51100000.0,1.14,1.13,0.2,3668100000.0,1675400000.0,581500000.0,414400000.0,2054100000.0,157300000.0,-53400000.0,-64000000.0,768600000.0,1142700000.0,47200000.0
RBC,2012-12-29,False,FY,2012,10-K,3166900000.0,312800000.0,195600000.0,4.68,4.64,0.75,3569100000.0,1539900000.0,533900000.0,375300000.0,1996500000.0,351700000.0,-197600000.0,77100000.0,818500000.0,1151000000.0,-91000000.0
RBC,2013-09-28,False,Q3,2013,10-Q,768200000.0,78800000.0,52600000.0,1.17,1.16,0.2,3709300000.0,1717500000.0,720100000.0,462700000.0,2116200000.0,238500000.0,-72400000.0,-79600000.0,768700000.0,1143900000.0,65400000.0
RBC,2015-04-04,False,Q1,2015,10-Q,911700000.0,63600000.0,36400000.0,0.81,0.81,0.22,4967500000.0,1800600000.0,721300000.0,229700000.0,1989800000.0,17500000.0,-1408100000.0,1288100000.0,1946900000.0,1561100000.0,21200000.0
RBC,2014-09-27,False,Q3,2014,10-Q,829800000.0,74700000.0,47500000.0,1.06,1.05,0.22,3671400000.0,1718700000.0,592600000.0,327300000.0,2176700000.0,227100000.0,-202300000.0,-160300000.0,676900000.0,1126300000.0,60500000.0
RBC,2014-06-28,False,Q2,2014,10-Q,850400000.0,87700000.0,56200000.0,1.24,1.24,0.22,3799400000.0,1841600000.0,761900000.0,445300000.0,2194400000.0,145300000.0,-137100000.0,-25100000.0,767000000.0,1121400000.0,42900000.0
RBC,2014-03-29,False,Q1,2014,10-Q,801200000.0,69700000.0,43800000.0,0.97,0.96,0.2,3726500000.0,1758300000.0,754400000.0,406400000.0,2131500000.0,45800000.0,-94700000.0,-7100000.0,767800000.0,1123400000.0,22300000.0
RBC,2013-12-28,False,FY,2013,10-K,3095700000.0,208000000.0,120000000.0,2.66,2.64,0.79,3643500000.0,1725900000.0,700900000.0,466000000.0,2102400000.0,305000000.0,-125400000.0,-90900000.0,767400000.0,1081900000.0,82700000.0
RBC,2015-07-04,False,Q2,2015,10-Q,942200000.0,103200000.0,62800000.0,1.4,1.39,0.23,4965000000.0,1820700000.0,712700000.0,247600000.0,2037800000.0,135700000.0,-1445200000.0,1225300000.0,1893000000.0,1569000000.0,44700000.0
RBC,2016-01-02,False,FY,2015,10-K,3509700000.0,252800000.0,143300000.0,3.21,3.18,0.91,4591700000.0,1635200000.0,612800000.0,252900000.0,1982800000.0,381100000.0,-1487600000.0,1036600000.0,1721900000.0,1465600000.0,92200000.0
RBC,2016-04-02,False,Q1,2016,10-Q,818200000.0,69300000.0,41600000.0,0.93,0.93,0.23,4600200000.0,1649500000.0,581900000.0,249100000.0,2036200000.0,58200000.0,-16600000.0,-46600000.0,1705400000.0,1472400000.0,14900000.0
RBC,2015-10-03,False,Q3,2015,10-Q,882300000.0,100100000.0,63400000.0,1.42,1.41,0.23,4878400000.0,1785300000.0,680400000.0,254600000.0,2030500000.0,267200000.0,-1464000000.0,1124000000.0,1813700000.0,1564000000.0,65400000.0
RBC,2016-12-31,False,FY,2016,10-K,3224500000.0,320600000.0,203400000.0,4.55,4.52,0.95,4358500000.0,1532000000.0,701600000.0,284500000.0,2078200000.0,439600000.0,-19600000.0,-376800000.0,1411500000.0,1453200000.0,65200000.0
RBC,2015-01-03,False,FY,2013,10-K,3257100000.0,-11700000.0,31000000.0,0.69,0.69,0.86,3407600000.0,1652000000.0,561300000.0,334100000.0,1979300000.0,298200000.0,-204900000.0,-218000000.0,633800000.0,1004000000.0,83600000.0
RBC,2016-10-01,False,Q3,2016,10-Q,809600000.0,89800000.0,59600000.0,1.33,1.32,0.24,4477100000.0,1597900000.0,699900000.0,281600000.0,2102300000.0,328400000.0,-29500000.0,-265800000.0,1510500000.0,1466000000.0,46100000.0
RBC,2016-07-02,False,Q2,2016,10-Q,838600000.0,91400000.0,56600000.0,1.27,1.26,0.24,4540600000.0,1636800000.0,599800000.0,271500000.0,2049900000.0,174300000.0,-2100000.0,-149900000.0,1614100000.0,1466000000.0,31700000.0
RBC,2017-04-01,False,Q1,2017,10-Q,813500000.0,74800000.0,46300000.0,1.03,1.02,0.24,4444400000.0,1615400000.0,714000000.0,262300000.0,2173800000.0,50500000.0,-15500000.0,-60300000.0,1369500000.0,1457400000.0,17000000.0
RBC,2018-03-31,False,Q1,2018,10-Q,878800000.0,88200000.0,58400000.0,1.32,1.31,0.26,4507200000.0,1686100000.0,713200000.0,169900000.0,2420200000.0,42500000.0,-18500000.0,2100000.0,1182300000.0,1484500000.0,19300000.0
RBC,2017-07-01,False,Q2,2017,10-Q,869200000.0,83000000.0,53000000.0,1.19,1.18,0.26,4483000000.0,1643100000.0,732800000.0,243700000.0,2248800000.0,148900000.0,-31900000.0,-164500000.0,1300200000.0,1469000000.0,33700000.0
RBC,2018-09-29,False,Q3,2018,10-Q,925400000.0,69400000.0,51300000.0,1.18,1.17,0.28,4601300000.0,1729900000.0,661700000.0,184400000.0,2359500000.0,250300000.0,-215800000.0,16200000.0,1278900000.0,1524300000.0,59200000.0
RBC,2017-09-30,False,Q3,2017,10-Q,856900000.0,94000000.0,62200000.0,1.4,1.39,0.26,4464000000.0,1630200000.0,734900000.0,186600000.0,2302400000.0,235000000.0,-42000000.0,-298900000.0,1214400000.0,1475200000.0,49000000.0
RBC,2018-06-30,False,Q2,2018,10-Q,959700000.0,99600000.0,65900000.0,1.51,1.5,0.28,4634700000.0,1724300000.0,768100000.0,175600000.0,2340700000.0,144300000.0,-201100000.0,96400000.0,1335600000.0,1535100000.0,40500000.0
RBC,2017-12-30,False,FY,2017,10-K,3360300000.0,330100000.0,213000000.0,4.78,4.74,1.02,4388200000.0,1574400000.0,712000000.0,139600000.0,2354700000.0,291900000.0,-57800000.0,-390600000.0,1141100000.0,1477100000.0,65200000.0
