symbol,end_date,amend,period_focus,fiscal_year,doc_type,revenues,op_income,net_income,eps_basic,eps_diluted,dividend,assets,cur_assets,cur_liab,cash,equity,cash_flow_op,cash_flow_inv,cash_flow_fin,debt,goodwill,cap_ex
RNGE,2013-06-30,False,Q2,2013,10-Q,1291579.0,,-890393.0,,,0.0,48488639.0,18989034.0,2031052.0,18431920.0,45033031.0,1370465.0,-7329984.0,18987272.0,,,-54441.0
RNGE,2013-03-31,False,Q1,2013,10-Q,1151957.0,,-965280.0,,,0.0,28527030.0,4545033.0,681456.0,3997679.0,26500194.0,-373422.0,-1483066.0,450000.0,,,0.0
RNGE,2012-06-30,False,Q2,2012,10-Q,342522.0,,-541377.0,-0.15,-0.15,0.0,14143202.0,6856041.0,5596448.0,6614338.0,8262442.0,-508998.0,-681169.0,7793133.0,0.0,,-179078.0
REI,2018-12-31,False,FY,2018,10-K,120065361.0,19960939.0,8999760.0,0.15,0.15,0.0,567065659.0,16844257.0,51910432.0,3363726.0,462599430.0,70357321.0,-203421314.0,121421138.0,39500000.0,,0.0
RNGE,2013-09-30,False,Q3,2013,10-Q,2820731.0,,-131493.0,-0.01,-0.01,0.0,52718455.0,9658505.0,5248034.0,7867616.0,45789473.0,5049526.0,-21564959.0,18978882.0,,,0.0
RNGE,2012-03-31,False,Q1,2012,10-Q,0.0,-81625.0,-65536.0,-0.01,-0.01,0.0,9521160.0,8042494.0,29477.0,8014452.0,9491683.0,-80795.0,-607800.0,4279134.0,,,0.0
RNGE,2012-12-31,False,FY,2012,10-K,1757444.0,-2031847.0,-1669283.0,-0.21,-0.21,0.0,28513378.0,5882530.0,1191431.0,5404167.0,26199711.0,-31851.0,-10377549.0,15802195.0,0.0,,-159977.0
RNGE,2012-09-30,False,Q3,2012,10-Q,374739.0,,-631453.0,-0.06,-0.06,0.0,22228092.0,10097772.0,1798474.0,9846250.0,20126329.0,510642.0,-5014880.0,14339116.0,0.0,,
RNGE,2014-03-31,False,Q1,2014,10-Q,5970452.0,,1163689.0,0.05,0.05,0.0,117247797.0,40661186.0,9669834.0,37732846.0,104389652.0,7525475.0,-22103993.0,-39219.0,,,-123851.0
RNGE,2013-12-31,False,FY,2013,10-K,10315701.0,,-452209.0,-0.03,-0.03,0.0,111723418.0,56305036.0,7231643.0,52350583.0,102605714.0,8116408.0,-34439182.0,73269190.0,,,0.0
RNGE,2011-12-31,False,FY,2011,10-K,2624.0,-326454.0,-320248.0,-0.09,-0.09,0.0,5283730.0,4426013.0,5645.0,4423913.0,5278085.0,-322355.0,-850000.0,4665165.0,,,0.0
RNGE,2014-06-30,False,Q2,2014,10-Q,11204238.0,,2821738.0,0.12,0.11,0.0,150555825.0,50575075.0,8654340.0,45535352.0,136580342.0,13032776.0,-48537639.0,28689632.0,,,239210.0
REI,2015-03-31,False,Q1,2015,10-Q,6045701.0,-1549389.0,-975624.0,-0.04,-0.04,0.0,167576345.0,8854881.0,6930803.0,2850125.0,142284094.0,-6048585.0,-9786025.0,10062500.0,10000000.0,,164404.0
RNGE,2014-09-30,False,Q3,2014,10-Q,10929771.0,,1726469.0,0.07,0.06,0.0,155215349.0,33649763.0,9157583.0,29066848.0,139206699.0,21988487.0,-74013498.0,28741276.0,,,599387.0
REI,2014-12-31,False,FY,2014,10-K,38089443.0,12570275.0,8420500.0,0.34,0.33,0.0,167641460.0,15083298.0,16263051.0,8622235.0,142542530.0,33748065.0,-106206099.0,28729686.0,10000000.0,,951898.0
RNGE,2011-09-30,False,Q3,2011,10-Q,0.0,-267701.0,-267210.0,-0.08,-0.08,0.0,627902.0,623007.0,2161.0,620907.0,625741.0,-310196.0,0.0,1668068.0,,,0.0
RING,2011-06-30,False,Q2,2011,10-Q,0.0,-16972.0,-16265.0,0.0,0.0,0.0,892951.0,887756.0,0.0,885256.0,892951.0,-45847.0,0.0,1668068.0,,,0.0
REI,2015-06-30,False,Q2,2015,10-Q,11370380.0,1019686.0,534167.0,0.02,0.02,0.0,251327685.0,13591480.0,6999288.0,5767566.0,192390491.0,-2917656.0,-89815257.0,89878244.0,40900000.0,,316039.0
REI,2016-12-31,False,FY,2016,10-K,30850248.0,-57032761.0,-37637687.0,-0.97,-0.97,0.0,307597399.0,75220915.0,9099391.0,71086381.0,290540973.0,11214397.0,-38339845.0,93780479.0,0.0,,9320.0
REI,2016-06-30,False,Q2,2016,10-Q,7104609.0,-25516087.0,-15941500.0,-0.41,-0.41,0.0,228570644.0,12470305.0,3554577.0,8328712.0,217294048.0,-2967841.0,-8422294.0,15287497.0,0.0,,0.0
REI,2017-03-31,False,Q1,2017,10-Q,12243793.0,2502852.0,1279281.0,0.03,0.03,0.0,321151254.0,60578587.0,18561210.0,55418128.0,294260390.0,11016572.0,-26537288.0,-147537.0,,,19796719.0
REI,2016-03-31,False,Q1,2016,10-Q,6092388.0,-23833480.0,-15275044.0,-0.5,-0.5,0.0,237259126.0,7213989.0,7246986.0,3811166.0,171562909.0,-1739682.0,-3903002.0,5022500.0,50900000.0,,0.0
REI,2017-06-30,False,Q2,2017,10-Q,14503309.0,2621612.0,1910763.0,0.04,0.04,0.0,329932146.0,21412507.0,24523864.0,12136378.0,296973572.0,18121648.0,-76914451.0,-157200.0,,,186599.0
REI,2017-09-30,False,Q3,2017,10-Q,16643930.0,4292081.0,3073760.0,0.06,0.06,0.0,390113745.0,49715498.0,21639911.0,40876153.0,360268640.0,28302596.0,-117617217.0,59104393.0,,,309217.0
REI,2018-09-30,False,Q3,2018,10-Q,32687179.0,9615030.0,5693628.0,0.09,0.09,0.0,533654408.0,17602859.0,48910427.0,3770844.0,457588766.0,52004346.0,-162055105.0,98815022.0,17000000.0,,0.0
REI,2015-12-31,False,FY,2015,10-K,37253437.0,-13314334.0,-9052771.0,-0.32,-0.32,0.0,250866245.0,8714491.0,11333167.0,4431350.0,186231128.0,9843744.0,-110109282.0,96074653.0,45900000.0,,330182.0
REI,2018-03-31,False,Q1,2018,10-Q,29891391.0,10935120.0,5665634.0,0.1,0.1,0.0,484201147.0,61250675.0,29581056.0,47036101.0,445172239.0,-13664164.0,-36128382.0,81822066.0,,,35081925.0
REI,2015-09-30,False,Q3,2015,10-Q,8629007.0,-1473514.0,-1138268.0,-0.04,-0.04,0.0,251870333.0,8822127.0,7525150.0,3118234.0,193094800.0,2584636.0,-99158490.0,91069853.0,40900000.0,,330182.0
REI,2016-09-30,False,Q3,2016,10-Q,7822543.0,-9121201.0,-5944137.0,-0.14,-0.14,0.0,227333513.0,6156163.0,7435554.0,2249007.0,211895172.0,4903091.0,-22362605.0,15277171.0,0.0,,9320.0
REI,2017-12-31,False,FY,2017,10-K,66699700.0,15967141.0,1753869.0,0.03,0.03,0.0,414102486.0,29123924.0,48443449.0,15006581.0,356603340.0,42806204.0,-157912960.0,59026956.0,,,335507.0
REI,2018-06-30,False,Q2,2018,10-Q,29924883.0,9397559.0,4719806.0,0.08,0.08,0.0,503453471.0,26545065.0,42746094.0,13431146.0,450891400.0,33277813.0,-116672321.0,81819073.0,,,113507857.0
