symbol,end_date,amend,period_focus,fiscal_year,doc_type,revenues,op_income,net_income,eps_basic,eps_diluted,dividend,assets,cur_assets,cur_liab,cash,equity,cash_flow_op,cash_flow_inv,cash_flow_fin,debt,goodwill,cap_ex
ADK,2012-03-31,True,Q1,2012,10-Q,46831000.0,256000.0,-2268000.0,-0.19,-0.19,0.0,163673000.0,33193000.0,41312000.0,11000000.0,17870000.0,1502000.0,-7813000.0,10127000.0,,2565000.0,463000.0
ADK,2013-06-30,False,Q2,2013,10-Q,56421000.0,-201000.0,-7010000.0,-0.47,-0.47,0.0,222904000.0,41191000.0,69717000.0,10222000.0,5876000.0,-353000.0,-3836000.0,-1526000.0,,5023000.0,2414000.0
ADK,2012-06-30,False,Q2,2012,10-Q,55005000.0,4038000.0,679000.0,0.05,0.05,0.0,213909000.0,40667000.0,39469000.0,9373000.0,19915000.0,1284000.0,-11900000.0,12625000.0,162883000.0,906000.0,2569000.0
RHE,2018-09-30,False,Q3,2018,10-Q,5256000.0,631000.0,-6421000.0,-0.33,-0.33,0.0,101338000.0,4972000.0,34466000.0,1900000.0,7743000.0,57000.0,-266000.0,473000.0,80908000.0,2105000.0,266000.0
ADK,2012-03-31,True,Q1,2012,10-Q,46831000.0,256000.0,-2268000.0,-0.19,-0.19,0.0,163673000.0,33193000.0,41312000.0,11000000.0,17870000.0,1502000.0,-7813000.0,10127000.0,,2565000.0,463000.0
ADK,2012-09-30,False,Q3,2012,10-Q,61770000.0,4048000.0,-1702000.0,-0.11,-0.11,0.0,236891000.0,43998000.0,46293000.0,9884000.0,18828000.0,5123000.0,-16931000.0,14328000.0,180066000.0,906000.0,4191000.0
ADK,2012-09-30,True,Q3,2012,10-Q,58359000.0,1706000.0,-4506000.0,-0.31,-0.31,0.0,221260000.0,41023000.0,65188000.0,9693000.0,14935000.0,3342000.0,-57153000.0,56320000.0,167627000.0,4745000.0,2904000.0
ADK,2012-12-31,False,FY,2012,10-K,201658000.0,1909000.0,-7040000.0,-0.5,-0.5,0.0,234449000.0,50364000.0,56282000.0,15937000.0,15053000.0,1527000.0,-59162000.0,66388000.0,,5023000.0,5777000.0
ADK,2013-03-31,False,Q1,2013,10-Q,57642000.0,-1207000.0,-2864000.0,-0.2,-0.2,0.0,229164000.0,45582000.0,67977000.0,9870000.0,12347000.0,-6113000.0,765000.0,-719000.0,,5023000.0,1342000.0
ADK,2012-06-30,True,Q2,2012,10-Q,51791000.0,3486000.0,-204000.0,-0.01,-0.01,0.0,199115000.0,38387000.0,65094000.0,9073000.0,18193000.0,112000.0,-41011000.0,42788000.0,150402000.0,3112000.0,1676000.0
ADK,2012-09-30,True,Q3,2012,10-Q,58359000.0,1706000.0,-4506000.0,-0.31,-0.31,0.0,221260000.0,41023000.0,65188000.0,9693000.0,14935000.0,3342000.0,-57153000.0,56320000.0,167627000.0,4745000.0,2904000.0
ADK,2012-06-30,True,Q2,2012,10-Q,51791000.0,3486000.0,-204000.0,-0.01,-0.01,0.0,199115000.0,38387000.0,65094000.0,9073000.0,18193000.0,112000.0,-41011000.0,42788000.0,150402000.0,3112000.0,1676000.0
ADK,2014-06-30,False,Q2,2014,10-Q,55729000.0,199000.0,-3284000.0,-0.19,-0.19,0.0,216186000.0,54601000.0,89255000.0,11147000.0,6928000.0,-8632000.0,4105000.0,-3700000.0,,4224000.0,2683000.0
ADK,2014-03-31,False,Q1,2014,10-Q,54932000.0,1306000.0,-2996000.0,-0.18,-0.18,0.0,220963000.0,58229000.0,84244000.0,16741000.0,10136000.0,-5970000.0,5348000.0,-2011000.0,,4224000.0,1582000.0
ADK,2013-09-30,False,Q3,2013,10-Q,55865000.0,1224000.0,-524000.0,-0.03,-0.03,0.0,222991000.0,42421000.0,75494000.0,12724000.0,7662000.0,2596000.0,-4463000.0,-1346000.0,,5023000.0,3285000.0
ADK,2013-12-31,False,FY,2013,10-K,222847000.0,695000.0,-14131000.0,-0.94,-0.94,0.0,226428000.0,53601000.0,69235000.0,19374000.0,6852000.0,5061000.0,-3124000.0,1500000.0,,4224000.0,4490000.0
ADK,2011-09-30,False,Q3,2011,10-Q,40872463.0,1714262.0,3527989.0,0.33,0.29,0.0,158285537.0,33572874.0,32971407.0,10049883.0,19976253.0,1029603.0,-13235726.0,18344866.0,,2679482.0,2732034.0
ADK,2011-06-30,False,Q2,2011,10-Q,34809320.0,736079.0,-4396870.0,-0.52,-0.52,0.0,115938349.0,24068867.0,24451691.0,5660797.0,10354387.0,1232459.0,-7846022.0,8363220.0,,2679482.0,1942907.0
ADK,2012-03-31,False,Q1,2012,10-Q,50171000.0,2555000.0,-206000.0,-0.02,-0.02,0.0,177404000.0,35012000.0,41549000.0,11328000.0,19053000.0,1862000.0,-3012000.0,5114000.0,,906000.0,522000.0
ADK,2011-12-31,False,FY,2011,10-K,151352730.0,2668582.0,-6164255.0,-0.62,-0.62,0.0,159104035.0,28738874.0,34105417.0,7363953.0,15493502.0,1993095.0,-17153582.0,18613300.0,,905854.0,4462769.0
ADK,2014-09-30,False,Q3,2014,10-Q,57079000.0,1213000.0,-3977000.0,-0.22,-0.22,0.0,215863000.0,54696000.0,89667000.0,12867000.0,8928000.0,-6115000.0,1587000.0,-1979000.0,268663.0,4224000.0,3420000.0
ADK,2015-03-31,False,Q1,2015,10-Q,47703000.0,-325000.0,-5665000.0,-0.29,-0.29,0.0,208453000.0,54266000.0,63778000.0,10680000.0,-615000.0,-608000.0,290000.0,263000.0,,4224000.0,376000.0
ADK,2014-12-31,False,FY,2014,10-K,193314000.0,1323000.0,-16183000.0,-0.9,-0.9,0.0,209961000.0,52422000.0,65353000.0,10735000.0,3389000.0,-5292000.0,-755000.0,-2592000.0,268663.0,4224000.0,3457000.0
ADK,2015-12-31,False,FY,2015,10-K,18400000.0,-7641000.0,-28726000.0,-1.46,-1.46,0.165,171985000.0,25157000.0,63784000.0,2720000.0,-23835000.0,-17806000.0,9845000.0,-54000.0,17500000.0,4183000.0,1799000.0
ADK,2016-06-30,False,Q2,2016,10-Q,7164000.0,553000.0,-6783000.0,-0.34,-0.15,0.0,155434000.0,59856000.0,68835000.0,3249000.0,-33937000.0,37000.0,7101000.0,-6609000.0,29600000.0,2105000.0,44000.0
ADK,2015-06-30,False,Q2,2015,10-Q,23326000.0,261000.0,-6530000.0,-0.33,-0.33,0.0,213124000.0,60380000.0,52049000.0,15340000.0,-9166000.0,-8677000.0,-6316000.0,19598000.0,5000000.0,4224000.0,722000.0
ADK,2016-03-31,False,Q1,2016,10-Q,7082000.0,445000.0,-3727000.0,-0.19,-0.19,0.0,163243000.0,20887000.0,57241000.0,2264000.0,-27394000.0,-1580000.0,4144000.0,-3020000.0,30200000.0,4183000.0,19000.0
ADK,2016-09-30,False,Q3,2016,10-Q,7165000.0,2026000.0,-3867000.0,-0.19,-0.08,0.0,154313000.0,58534000.0,61330000.0,1457000.0,-37559000.0,-664000.0,6217000.0,-6816000.0,28400000.0,2105000.0,704000.0
ADK,2015-09-30,False,Q3,2015,10-Q,10420000.0,230000.0,-6310000.0,-0.32,-0.32,0.68,190168000.0,40325000.0,68886000.0,4275000.0,-17028000.0,-14131000.0,910000.0,6761000.0,3000000.0,4183000.0,1328000.0
ADK,2016-12-31,False,FY,2016,10-K,27337000.0,4255000.0,-14797000.0,-0.74,-0.74,0.165,119486000.0,20469000.0,25268000.0,14045000.0,-37947000.0,-3409000.0,24133000.0,-9399000.0,79970000.0,2105000.0,1500000.0
RHE,2017-09-30,False,Q3,2017,10-Q,6345000.0,1401000.0,-2678000.0,-0.08,-0.08,0.0,107199000.0,4545000.0,20526000.0,1115000.0,17171000.0,3554000.0,-260000.0,-16224000.0,73818000.0,2105000.0,774000.0
ADK,2017-06-30,False,Q2,2017,10-Q,6304000.0,1818000.0,-1892000.0,-0.07,-0.07,0.0,109252000.0,6412000.0,15623000.0,2001000.0,-42702000.0,1672000.0,-114000.0,-13602000.0,74177000.0,2105000.0,534000.0
ADK,2017-03-31,False,Q1,2017,10-Q,6135000.0,652000.0,-2830000.0,-0.14,-0.12,0.0,107486000.0,10693000.0,18184000.0,4184000.0,-40730000.0,-302000.0,1320000.0,-10879000.0,71833000.0,2105000.0,329000.0
RHE,2017-12-31,False,FY,2017,10-K,25148000.0,5138000.0,-8599000.0,-0.35,-0.35,0.0,106551000.0,4704000.0,19498000.0,1818000.0,17870000.0,5145000.0,-342000.0,-17030000.0,73102000.0,2105000.0,846000.0
RHE,2018-03-31,False,Q1,2018,10-Q,5987000.0,-722000.0,-4440000.0,-0.23,-0.23,0.0,105998000.0,6204000.0,26233000.0,3500000.0,15373000.0,-3000.0,-163000.0,1804000.0,78169000.0,2105000.0,163000.0
RHE,2018-06-30,False,Q2,2018,10-Q,5314000.0,-1327000.0,-5128000.0,-0.23,-0.23,0.0,102648000.0,5596000.0,30586000.0,2700000.0,12202000.0,140000.0,-266000.0,1091000.0,77375000.0,2105000.0,266000.0
