symbol,end_date,amend,period_focus,fiscal_year,doc_type,revenues,op_income,net_income,eps_basic,eps_diluted,dividend,assets,cur_assets,cur_liab,cash,equity,cash_flow_op,cash_flow_inv,cash_flow_fin,debt,goodwill,cap_ex
RHI,2013-06-30,False,Q2,2013,10-Q,1063228000.0,100794000.0,63088000.0,0.46,0.46,0.16,1428324000.0,1119099000.0,534895000.0,246971000.0,861751000.0,129935000.0,-52180000.0,-110979000.0,,200522000.0,19104000.0
RHI,2018-12-31,False,FY,2018,10-K,5800271000.0,588925000.0,434288000.0,3.6,3.57,1.12,1903097000.0,1473610000.0,819536000.0,276579000.0,1063198000.0,572322000.0,-88509000.0,-490115000.0,657000.0,209958000.0,42484000.0
RHI,2013-09-30,False,Q3,2013,10-Q,1075119000.0,103913000.0,66358000.0,0.49,0.48,0.16,1474704000.0,1166214000.0,551928000.0,279747000.0,898784000.0,211057000.0,-70596000.0,-145365000.0,,201022000.0,32117000.0
RHI,2011-06-30,False,Q2,2011,10-Q,937966000.0,61086000.0,35888000.0,0.25,0.25,0.14,1301781000.0,995110000.0,453228000.0,261071000.0,816630000.0,87882000.0,-31160000.0,-117275000.0,,190489000.0,28375000.0
RHI,2012-03-31,False,Q1,2012,10-Q,1015444000.0,80065000.0,48069000.0,0.34,0.34,0.15,1308637000.0,1006549000.0,454911000.0,244453000.0,815680000.0,23214000.0,-11850000.0,-48923000.0,,189848000.0,10372000.0
RHI,2013-03-31,False,Q1,2013,10-Q,1023684000.0,89505000.0,55861000.0,0.41,0.4,0.16,1387745000.0,1076401000.0,499081000.0,225351000.0,854524000.0,27885000.0,-37751000.0,-49407000.0,,200835000.0,8082000.0
RHI,2012-09-30,False,Q3,2012,10-Q,1033173000.0,94219000.0,57382000.0,0.42,0.41,0.15,1406707000.0,1104824000.0,532642000.0,289428000.0,835872000.0,191254000.0,-43093000.0,-139288000.0,,190924000.0,35816000.0
RHI,2011-12-31,False,FY,2011,10-K,3776976000.0,249418000.0,147763000.0,1.05,1.04,0.56,1311836000.0,1006678000.0,473001000.0,279336000.0,800505000.0,256316000.0,-63402000.0,-225977000.0,1656000.0,189423000.0,56535000.0
RHI,2011-09-30,False,Q3,2011,10-Q,984668000.0,72086000.0,43553000.0,0.31,0.31,0.14,1308535000.0,1004992000.0,483398000.0,242726000.0,791950000.0,159668000.0,-46520000.0,-184141000.0,,189386000.0,41708000.0
RHI,2012-12-31,False,FY,2012,10-K,4111213000.0,343446000.0,208861000.0,1.51,1.5,0.6,1381271000.0,1064685000.0,501637000.0,287635000.0,842011000.0,289177000.0,-73026000.0,-209616000.0,1545000.0,201339000.0,50056000.0
RHI,2012-06-30,False,Q2,2012,10-Q,1028383000.0,72039000.0,45101000.0,0.33,0.32,0.15,1344399000.0,1040664000.0,496317000.0,258578000.0,809360000.0,115286000.0,-29291000.0,-105023000.0,,190388000.0,24211000.0
RHI,2014-09-30,False,Q3,2014,10-Q,1224308000.0,138253000.0,85184000.0,0.64,0.63,0.18,1627013000.0,1314505000.0,623905000.0,290876000.0,972583000.0,257820000.0,-54427000.0,-183196000.0,,200074000.0,36207000.0
RHI,2014-06-30,False,Q2,2014,10-Q,1164914000.0,123653000.0,75140000.0,0.56,0.55,0.18,1588445000.0,1273919000.0,580890000.0,307778000.0,975561000.0,164139000.0,-32891000.0,-101989000.0,,200889000.0,23085000.0
RHI,2014-03-31,False,Q1,2014,10-Q,1084342000.0,102109000.0,61551000.0,0.45,0.45,0.18,1503331000.0,1187317000.0,537546000.0,267737000.0,932146000.0,59225000.0,-17726000.0,-50067000.0,,200496000.0,12443000.0
RHI,2013-12-31,False,FY,2013,10-K,4245895000.0,398277000.0,252192000.0,1.85,1.83,0.64,1490271000.0,1172528000.0,535853000.0,275764000.0,919643000.0,309217000.0,-97777000.0,-220270000.0,1428000.0,200833000.0,53725000.0
RHI,2014-12-31,False,FY,2014,10-K,4695014000.0,497182000.0,305928000.0,2.28,2.26,0.72,1647267000.0,1323283000.0,623362000.0,287119000.0,979858000.0,340698000.0,-88641000.0,-230055000.0,1299000.0,199488000.0,62830000.0
RHI,2010-06-30,False,Q2,2010,10-Q,769090000.0,,11660000.0,0.08,0.08,0.13,1214270000.0,897623000.0,357659000.0,290044000.0,828821000.0,50984000.0,-13803000.0,-104356000.0,,188613000.0,14412000.0
RHI,2010-12-31,False,FY,2010,10-K,3175093000.0,,63729000.0,0.45,0.44,0.52,1273984000.0,971860000.0,408460000.0,315137000.0,834371000.0,175883000.0,-39097000.0,-187995000.0,,189787000.0,35088000.0
RHI,2015-06-30,False,Q2,2015,10-Q,1272058000.0,149147000.0,89706000.0,0.68,0.67,0.2,1723200000.0,1397434000.0,663799000.0,313131000.0,1014675000.0,226395000.0,-42536000.0,-152205000.0,,198713000.0,29523000.0
RHI,2011-03-31,False,Q1,2011,10-Q,880869000.0,,26705000.0,0.18,0.18,0.14,1290595000.0,984641000.0,420438000.0,281830000.0,839959000.0,18952000.0,-15578000.0,-41009000.0,,190381000.0,14563000.0
RHI,2015-03-31,False,Q1,2015,10-Q,1205563000.0,128102000.0,77922000.0,0.59,0.58,0.2,1637286000.0,1316289000.0,607705000.0,260885000.0,984623000.0,84480000.0,-20801000.0,-81236000.0,,198260000.0,13346000.0
RHI,2010-09-30,False,Q3,2010,10-Q,817258000.0,,20099000.0,0.14,0.14,0.13,1284232000.0,970675000.0,404720000.0,311056000.0,850338000.0,101473000.0,-22661000.0,-133890000.0,,189311000.0,22049000.0
RHI,2016-03-31,False,Q1,2016,10-Q,1302625000.0,133898000.0,83416000.0,0.65,0.64,0.22,1744864000.0,1380201000.0,655317000.0,214119000.0,1044953000.0,78486000.0,-24167000.0,-68513000.0,,209115000.0,18810000.0
RHI,2015-09-30,False,Q3,2015,10-Q,1312718000.0,159066000.0,96725000.0,0.74,0.73,0.2,1715272000.0,1383372000.0,664169000.0,251818000.0,1006476000.0,320241000.0,-67854000.0,-275326000.0,,197992000.0,48276000.0
RHI,2016-09-30,False,Q3,2016,10-Q,1338541000.0,146367000.0,90569000.0,0.71,0.71,0.22,1871981000.0,1493573000.0,729676000.0,292451000.0,1094930000.0,360420000.0,-83015000.0,-211367000.0,,209947000.0,63280000.0
RHI,2018-03-31,False,Q1,2018,10-Q,1395333000.0,134367000.0,96167000.0,0.79,0.78,0.28,1893860000.0,1468456000.0,764440000.0,291987000.0,1114797000.0,116218000.0,-18550000.0,-103452000.0,,210832000.0,7965000.0
RHI,2016-06-30,False,Q2,2016,10-Q,1344160000.0,149497000.0,91616000.0,0.71,0.71,0.22,1783008000.0,1408112000.0,668179000.0,238714000.0,1069508000.0,207194000.0,-56391000.0,-138634000.0,,210072000.0,43740000.0
RHI,2015-12-31,False,FY,2015,10-K,5094933000.0,,357796000.0,2.72,2.69,0.8,1702960000.0,1343681000.0,655549000.0,224577000.0,1003781000.0,438236000.0,-117950000.0,-368548000.0,1160000.0,208579000.0,75057000.0
RHI,2016-12-31,False,FY,2016,10-K,5250399000.0,,343389000.0,2.68,2.67,0.88,1777971000.0,1284234000.0,679896000.0,260201000.0,1086599000.0,442081000.0,-112235000.0,-288304000.0,1007000.0,209793000.0,82956000.0
RHI,2017-03-31,False,Q1,2017,10-Q,1287370000.0,125579000.0,78521000.0,0.63,0.62,0.24,1775210000.0,1295922000.0,682600000.0,260143000.0,1080943000.0,123500000.0,-15274000.0,-111325000.0,,209925000.0,10335000.0
RHI,2017-06-30,False,Q2,2017,10-Q,1308428000.0,130717000.0,80316000.0,0.64,0.64,0.24,1836138000.0,1347106000.0,719443000.0,297798000.0,1104384000.0,258060000.0,-38074000.0,-190773000.0,,210393000.0,21186000.0
RHI,2018-09-30,False,Q3,2018,10-Q,1466226000.0,151138000.0,115242000.0,0.96,0.95,0.28,2034907000.0,1612400000.0,896280000.0,361740000.0,1119242000.0,449277000.0,-55170000.0,-319233000.0,,210481000.0,27186000.0
RHI,2018-06-30,False,Q2,2018,10-Q,1457054000.0,149511000.0,109315000.0,0.9,0.89,0.28,1933583000.0,1504129000.0,808876000.0,308656000.0,1109498000.0,263964000.0,-37088000.0,-207077000.0,,210387000.0,17261000.0
RHI,2017-09-30,False,Q3,2017,10-Q,1324709000.0,132221000.0,84700000.0,0.69,0.68,0.24,1932852000.0,1437323000.0,778348000.0,348336000.0,1139818000.0,388463000.0,-54076000.0,-258544000.0,,210880000.0,28540000.0
RHI,2017-12-31,False,FY,2017,10-K,5266789000.0,,290584000.0,2.34,2.33,0.96,1867454000.0,1431869000.0,747896000.0,294753000.0,1105265000.0,452991000.0,-78497000.0,-352891000.0,840000.0,210885000.0,40753000.0
