symbol,end_date,amend,period_focus,fiscal_year,doc_type,revenues,op_income,net_income,eps_basic,eps_diluted,dividend,assets,cur_assets,cur_liab,cash,equity,cash_flow_op,cash_flow_inv,cash_flow_fin,debt,goodwill,cap_ex
RM,2013-12-31,False,FY,2013,10-K,170629000.0,,28794000.0,2.29,2.23,0.0,533888000.0,,,4121000.0,161173000.0,72590000.0,-142677000.0,70910000.0,362750000.0,716000.0,4152000.0
RM,2018-12-31,False,FY,2018,10-K,306706000.0,,35345000.0,3.03,2.93,0.0,956395000.0,,,3657000.0,279161000.0,146285000.0,-199244000.0,81083000.0,651349000.0,716000.0,5352000.0
RM,2013-06-30,False,Q2,2013,10-Q,39383000.0,,6656000.0,0.53,0.52,0.0,459944000.0,,,2931000.0,145455000.0,29119000.0,-40330000.0,10844000.0,302279000.0,716000.0,2834000.0
RM,2013-03-31,False,Q1,2013,10-Q,38569000.0,,6928000.0,0.55,0.54,0.0,421848000.0,,,857000.0,138620000.0,16761000.0,-872000.0,-18330000.0,273037000.0,363000.0,943000.0
RM,2012-06-30,False,Q2,2012,10-Q,32016000.0,,6620000.0,0.53,0.52,0.0,341065000.0,,,2314000.0,116565000.0,25902000.0,-50149000.0,21712000.0,212731000.0,,1277000.0
RM,2012-03-31,False,Q1,2012,10-Q,31540000.0,,5122000.0,0.55,0.53,0.0,316557000.0,,,2429000.0,58023000.0,9591000.0,-16503000.0,4492000.0,209607000.0,,
RM,2012-09-30,False,Q3,2012,10-Q,35490000.0,,6988000.0,0.56,0.55,0.0,394292000.0,,,4360000.0,123694000.0,40017000.0,-108175000.0,67669000.0,258308000.0,,1761000.0
RM,2014-06-30,False,Q2,2014,10-Q,47437000.0,,4414000.0,0.35,0.34,0.0,503995000.0,,,3562000.0,171860000.0,38982000.0,-1548000.0,-37993000.0,324570000.0,716000.0,2246000.0
RM,2014-09-30,False,Q3,2014,10-Q,53909000.0,,1397000.0,0.11,0.11,0.0,522820000.0,,,3831000.0,173633000.0,64937000.0,-41989000.0,-23238000.0,339323000.0,716000.0,3468000.0
RM,2012-12-31,False,FY,2012,10-K,136046000.0,,25367000.0,2.17,2.12,0.0,434991000.0,,,3298000.0,130569000.0,57569000.0,-159456000.0,100336000.0,292379000.0,363000.0,1996000.0
RM,2015-06-30,False,Q2,2015,10-Q,53001000.0,,5408000.0,0.42,0.41,0.0,560981000.0,,,4793000.0,190757000.0,36885000.0,-53902000.0,17798000.0,359491000.0,716000.0,1428000.0
RM,2014-03-31,False,Q1,2014,10-Q,49581000.0,,5610000.0,0.44,0.43,0.0,488611000.0,,,6265000.0,167174000.0,25064000.0,29326000.0,-52246000.0,310315000.0,716000.0,950000.0
RM,2015-03-31,False,Q1,2015,10-Q,52524000.0,,4083000.0,0.32,0.31,0.0,507742000.0,,,2060000.0,184299000.0,20429000.0,6717000.0,-29098000.0,312538000.0,716000.0,303000.0
RM,2013-09-30,False,Q3,2013,10-Q,44466000.0,,7625000.0,0.61,0.59,0.0,513053000.0,,,7929000.0,153293000.0,49323000.0,-101027000.0,56335000.0,347736000.0,716000.0,3468000.0
RM,2015-09-30,False,Q3,2015,10-Q,55096000.0,,6507000.0,0.51,0.5,0.0,588966000.0,,,4922000.0,197595000.0,61645000.0,-97938000.0,37203000.0,379617000.0,716000.0,2918000.0
RM,2016-06-30,False,Q2,2016,10-Q,57325000.0,,5912000.0,0.5,0.49,0.0,642803000.0,,,2827000.0,192924000.0,38386000.0,-47734000.0,4521000.0,438862000.0,716000.0,2362000.0
RM,2016-12-31,False,FY,2016,10-K,240518000.0,,24031000.0,2.03,1.99,0.0,712224000.0,,,4446000.0,207475000.0,99908000.0,-157353000.0,54237000.0,489526000.0,716000.0,6433000.0
RM,2015-12-31,False,FY,2015,10-K,217306000.0,,23365000.0,1.82,1.79,0.0,629065000.0,,,7654000.0,205227000.0,82443000.0,-146027000.0,67226000.0,411177000.0,716000.0,4790000.0
RM,2016-03-31,False,Q1,2016,10-Q,56697000.0,,5176000.0,0.41,0.4,0.0,609707000.0,,,7436000.0,201922000.0,20269000.0,3199000.0,-23686000.0,394100000.0,716000.0,1772000.0
RM,2017-03-31,False,Q1,2017,10-Q,65820000.0,,7634000.0,0.66,0.65,0.0,690432000.0,,,3505000.0,214179000.0,28826000.0,759000.0,-30526000.0,460943000.0,6981000.0,1545000.0
RM,2014-12-31,False,FY,2014,10-K,204719000.0,,14802000.0,1.17,1.14,0.0,530270000.0,,,4012000.0,178323000.0,85520000.0,-64532000.0,-21097000.0,341419000.0,716000.0,4442000.0
RM,2016-09-30,False,Q3,2016,10-Q,62475000.0,,6476000.0,0.57,0.56,0.0,691329000.0,,,3959000.0,200098000.0,66594000.0,-114769000.0,44480000.0,479363000.0,716000.0,4620000.0
RM,2017-09-30,False,Q3,2017,10-Q,69194000.0,,5309000.0,0.46,0.45,0.0,779850000.0,,,5191000.0,227815000.0,83205000.0,-123393000.0,40933000.0,533085000.0,10239000.0,4146000.0
RM,2018-03-31,False,Q1,2018,10-Q,72625000.0,,8644000.0,0.74,0.72,0.0,814809000.0,,,3247000.0,248951000.0,31794000.0,-9826000.0,-21674000.0,545865000.0,10922000.0,844000.0
RM,2018-06-30,False,Q2,2018,10-Q,72416000.0,,8482000.0,0.73,0.7,0.0,868220000.0,,,2799000.0,258534000.0,60090000.0,-72804000.0,19852000.0,588328000.0,10785000.0,1667000.0
RM,2018-09-30,False,Q3,2018,10-Q,77916000.0,,7449000.0,0.64,0.61,0.0,893279000.0,,,517000.0,267429000.0,104773000.0,-131962000.0,35016000.0,604377000.0,10429000.0,3036000.0
RM,2017-06-30,False,Q2,2017,10-Q,65338000.0,,6135000.0,0.53,0.52,0.0,727533000.0,,,3678000.0,221367000.0,51104000.0,-53032000.0,1160000.0,491510000.0,8480000.0,2228000.0
RM,2017-12-31,False,FY,2017,10-K,272459000.0,,29963000.0,2.59,2.54,0.0,829483000.0,,,5230000.0,239411000.0,115433000.0,-188418000.0,73769000.0,566546000.0,716000.0,4765000.0
