symbol,end_date,amend,period_focus,fiscal_year,doc_type,revenues,op_income,net_income,eps_basic,eps_diluted,dividend,assets,cur_assets,cur_liab,cash,equity,cash_flow_op,cash_flow_inv,cash_flow_fin,debt,goodwill,cap_ex
RTEC,2011-09-30,False,Q3,2011,10-Q,41434000.0,5181000.0,5300000.0,0.17,0.16,0.0,290386000.0,260063000.0,22963000.0,133114000.0,214198000.0,35512000.0,-25203000.0,50965000.0,,4492000.0,1366000.0
RTEC,2018-12-31,False,FY,2018,10-K,273784000.0,51084000.0,45096000.0,1.42,1.4,0.0,418040000.0,350907000.0,44991000.0,112388000.0,361888000.0,35094000.0,33772000.0,-23909000.0,,22495000.0,7542000.0
RTEC,2012-09-30,False,Q3,2012,10-Q,62152000.0,12053000.0,6661000.0,0.21,0.2,0.0,348639000.0,300858000.0,51136000.0,105416000.0,240319000.0,15760000.0,-6605000.0,304000.0,48372000.0,8532000.0,1283000.0
RTEC,2011-12-31,False,FY,2011,10-K,187196000.0,21472000.0,25226000.0,0.79,0.78,0.0,305911000.0,263101000.0,28857000.0,96671000.0,221778000.0,45444000.0,-71208000.0,51034000.0,,4492000.0,1622000.0
RTEC,2012-03-31,False,Q1,2012,10-Q,45709000.0,4368000.0,1862000.0,0.06,0.06,0.0,313085000.0,272138000.0,32315000.0,89002000.0,224948000.0,6864000.0,-14092000.0,171000.0,47129000.0,4492000.0,505000.0
RTEC,2011-06-30,False,Q2,2011,10-Q,51543000.0,8007000.0,6957000.0,0.22,0.22,0.0,235767000.0,205565000.0,26228000.0,88730000.0,202136000.0,22689000.0,-5065000.0,703000.0,,4492000.0,1159000.0
RTEC,2013-03-31,False,Q1,2013,10-Q,41650000.0,1303000.0,393000.0,0.01,0.01,0.0,367747000.0,294981000.0,36047000.0,85053000.0,272005000.0,-307000.0,-18932000.0,601000.0,49677000.0,11252000.0,2528000.0
RTEC,2012-06-30,False,Q2,2012,10-Q,56326000.0,10487000.0,6346000.0,0.2,0.19,0.0,329962000.0,282611000.0,41378000.0,90020000.0,232111000.0,9684000.0,-16423000.0,272000.0,47737000.0,11269000.0,909000.0
RTEC,2014-03-31,False,Q1,2014,10-Q,41649000.0,113000.0,-724000.0,-0.02,-0.02,0.0,379383000.0,304779000.0,37749000.0,55606000.0,279738000.0,15606000.0,-41006000.0,142000.0,52486000.0,22495000.0,390000.0
RTEC,2012-12-31,False,FY,2012,10-K,218486000.0,34266000.0,43865000.0,1.36,1.34,0.0,366384000.0,294052000.0,37048000.0,104253000.0,270489000.0,22067000.0,-14934000.0,468000.0,,11371000.0,2429000.0
RTEC,2014-06-30,False,Q2,2014,10-Q,43018000.0,-9492000.0,-4412000.0,-0.13,-0.13,0.0,389081000.0,315940000.0,49856000.0,54658000.0,276597000.0,10746000.0,-36222000.0,-880000.0,53225000.0,22495000.0,1020000.0
RTEC,2014-09-30,False,Q3,2014,10-Q,46960000.0,4500000.0,-998000.0,-0.03,-0.03,0.0,375200000.0,302057000.0,35870000.0,47628000.0,275676000.0,-1986000.0,-28750000.0,-2257000.0,53997000.0,22495000.0,1442000.0
RTEC,2013-06-30,False,Q2,2013,10-Q,46059000.0,2134000.0,759000.0,0.02,0.02,0.0,375970000.0,296727000.0,37823000.0,66792000.0,273848000.0,-6088000.0,-31824000.0,1241000.0,50347000.0,19298000.0,2485000.0
RTEC,2014-12-31,False,FY,2014,10-K,181218000.0,-1309000.0,-4640000.0,-0.14,-0.14,0.0,366637000.0,290321000.0,35866000.0,43114000.0,267328000.0,4290000.0,-28528000.0,-12684000.0,,22495000.0,2084000.0
RTEC,2013-09-30,False,Q3,2013,10-Q,44044000.0,1295000.0,252000.0,0.01,0.01,0.0,375691000.0,291034000.0,34679000.0,83780000.0,276076000.0,-3972000.0,-17411000.0,1572000.0,51047000.0,24934000.0,4002000.0
RTEC,2013-12-31,False,FY,2013,10-K,176238000.0,6604000.0,3458000.0,0.11,0.1,0.0,371362000.0,288178000.0,31690000.0,80790000.0,279003000.0,6084000.0,-30024000.0,1436000.0,,22553000.0,4880000.0
RTEC,2010-03-31,False,Q1,2011,10-Q,40622000.0,3021000.0,2045000.0,0.07,0.07,0.0,,,,57715000.0,,6813000.0,-6927000.0,30000.0,,,677000.0
RTEC,2015-06-30,False,Q2,2015,10-Q,59466000.0,9829000.0,6027000.0,0.19,0.19,0.0,377872000.0,303128000.0,43335000.0,36735000.0,268201000.0,12101000.0,-7050000.0,-11128000.0,56399000.0,22495000.0,1744000.0
RTEC,2017-03-31,False,Q1,2017,10-Q,60679000.0,9685000.0,7151000.0,0.23,0.22,0.0,345862000.0,269853000.0,33325000.0,52245000.0,302502000.0,14224000.0,1182000.0,-1721000.0,,22495000.0,1724000.0
RTEC,2015-03-31,False,Q1,2015,10-Q,52570000.0,5117000.0,1848000.0,0.06,0.06,0.0,369835000.0,294148000.0,39528000.0,35365000.0,265532000.0,9163000.0,-10149000.0,-6632000.0,55584000.0,22495000.0,1072000.0
RTEC,2016-09-30,False,Q3,2016,10-Q,61641000.0,12641000.0,9286000.0,0.3,0.3,0.0,356024000.0,274715000.0,48428000.0,38546000.0,297825000.0,30810000.0,30291000.0,-68641000.0,,22495000.0,2527000.0
RTEC,2016-12-31,False,FY,2016,10-K,232780000.0,52348000.0,36952000.0,1.19,1.16,0.0,338699000.0,262630000.0,35962000.0,37859000.0,293735000.0,46633000.0,24469000.0,-78111000.0,,22495000.0,3291000.0
RTEC,2016-03-31,False,Q1,2016,10-Q,54362000.0,21137000.0,13939000.0,0.45,0.44,0.0,392709000.0,308650000.0,101929000.0,38186000.0,280511000.0,-6323000.0,5295000.0,-5899000.0,58863000.0,22495000.0,1514000.0
RTEC,2015-12-31,False,FY,2015,10-K,221690000.0,32793000.0,17956000.0,0.57,0.56,0.0,379824000.0,296597000.0,99592000.0,44554000.0,270678000.0,33793000.0,-9077000.0,-22969000.0,,22495000.0,3359000.0
RTEC,2015-09-30,False,Q3,2015,10-Q,58597000.0,11993000.0,7198000.0,0.23,0.22,0.0,386596000.0,307144000.0,106199000.0,32984000.0,269843000.0,20654000.0,-13455000.0,-17043000.0,57251000.0,22495000.0,2247000.0
RTEC,2017-06-30,False,Q2,2017,10-Q,67418000.0,12695000.0,9193000.0,0.29,0.29,0.0,370586000.0,290982000.0,46048000.0,57705000.0,313291000.0,29973000.0,-8337000.0,-2417000.0,,22495000.0,5301000.0
RTEC,2016-06-30,False,Q2,2016,10-Q,62701000.0,12231000.0,7601000.0,0.25,0.24,0.0,403715000.0,320663000.0,106547000.0,66439000.0,286780000.0,11982000.0,18014000.0,-9176000.0,59885000.0,22495000.0,2173000.0
RTEC,2017-09-30,False,Q3,2017,10-Q,66920000.0,25517000.0,17369000.0,0.55,0.54,0.0,387544000.0,308852000.0,45423000.0,68026000.0,332206000.0,42787000.0,-10740000.0,-2425000.0,,22495000.0,7447000.0
RTEC,2018-09-30,False,Q3,2018,10-Q,60432000.0,7629000.0,7187000.0,0.23,0.22,0.0,429910000.0,366471000.0,45581000.0,124334000.0,374156000.0,24439000.0,34108000.0,-1585000.0,,22495000.0,4127000.0
RTEC,2018-06-30,False,Q2,2018,10-Q,77476000.0,16674000.0,14697000.0,0.46,0.45,0.0,422866000.0,360102000.0,46710000.0,56491000.0,365990000.0,9459000.0,-19056000.0,-1544000.0,,22495000.0,2178000.0
RTEC,2018-03-31,False,Q1,2018,10-Q,73096000.0,17465000.0,15130000.0,0.48,0.47,0.0,409502000.0,345772000.0,48879000.0,68055000.0,349729000.0,4639000.0,-4172000.0,-717000.0,,22495000.0,1442000.0
RTEC,2017-12-31,False,FY,2017,10-K,255098000.0,59288000.0,32909000.0,1.05,1.02,0.0,385922000.0,322082000.0,42307000.0,67770000.0,333154000.0,64371000.0,-32522000.0,-2752000.0,,22495000.0,10210000.0
