symbol,end_date,amend,period_focus,fiscal_year,doc_type,revenues,op_income,net_income,eps_basic,eps_diluted,dividend,assets,cur_assets,cur_liab,cash,equity,cash_flow_op,cash_flow_inv,cash_flow_fin,debt,goodwill,cap_ex
RVP,2018-09-30,False,Q3,2018,10-Q,9863272.0,-60226.0,-239666.0,-0.01,-0.01,0.0,37074617.0,25906334.0,8530089.0,13640696.0,25818382.0,-439918.0,-290153.0,-507132.0,2939115.0,,290153.0
RVP,2014-03-31,False,Q1,2014,10-Q,6040378.0,-1989744.0,-2267391.0,-0.08,-0.08,0.0,44983785.0,33381537.0,14533717.0,24198456.0,26910272.0,-2658768.0,-738597.0,-33538.0,,,738597.0
RVP,2011-06-30,False,Q2,2011,10-Q,7975971.0,-987942.0,504655.0,0.02,0.02,0.0,52494735.0,39389484.0,7042465.0,26790307.0,41216908.0,4235110.0,-464689.0,-246153.0,,,464689.0
RVP,2012-09-30,False,Q3,2012,10-Q,9444157.0,-211384.0,-502488.0,-0.02,-0.02,0.0,48240404.0,35927772.0,5961551.0,25008688.0,38365190.0,-1202092.0,-282560.0,820077.0,,,282560.0
RVP,2011-12-31,False,FY,2011,10-K,32102296.0,-4089833.0,454435.0,0.02,0.02,0.0,48761939.0,35745107.0,5967220.0,25673263.0,38651452.0,5513773.0,-826091.0,-2280458.0,,,826091.0
RVP,2013-03-31,False,Q1,2013,10-Q,7173112.0,-1367034.0,-1638601.0,-0.06,-0.06,0.0,44132918.0,32192113.0,6228782.0,23533072.0,34160179.0,-2130409.0,-62890.0,-236942.0,,,63890.0
RVP,2012-06-30,False,Q2,2012,10-Q,8727905.0,-531744.0,-834157.0,-0.03,-0.03,0.0,47424645.0,34917005.0,6102636.0,22903735.0,37332393.0,-2250966.0,-156879.0,-361683.0,,,156879.0
RVP,2011-09-30,False,Q3,2011,10-Q,8270608.0,-26375.0,1486227.0,0.06,0.06,0.0,53475528.0,40513589.0,6429709.0,26915292.0,42979150.0,4995377.0,-653873.0,-692251.0,,,653873.0
RVP,2013-06-30,False,Q2,2013,10-Q,6907233.0,-2385379.0,-2667735.0,-0.1,-0.1,0.0,41970398.0,30246522.0,6917871.0,19686834.0,31372122.0,-5399336.0,-159359.0,-717784.0,,,160359.0
RVP,2013-09-30,False,Q3,2013,10-Q,9160278.0,-825317.0,-1169383.0,-0.04,-0.04,0.0,49967333.0,38528815.0,16400565.0,27271755.0,29940811.0,2858132.0,-203514.0,-1346176.0,,,204514.0
RVP,2012-03-31,False,Q1,2012,10-Q,7429984.0,-645375.0,-943956.0,-0.04,-0.04,0.0,48026013.0,35285701.0,6022632.0,25586180.0,37937023.0,146198.0,-52899.0,-180382.0,,,52899.0
RVP,2012-12-31,False,FY,2012,10-K,33644503.0,-3938863.0,-5051000.0,-0.19,-0.19,0.0,47632158.0,35441064.0,8076952.0,25963313.0,35728996.0,158337.0,-510117.0,641830.0,4141296.0,,510117.0
RVP,2013-12-31,False,FY,2013,10-K,30785127.0,-5931245.0,-7129917.0,-0.26,-0.26,0.0,49097444.0,37907307.0,16620524.0,27629359.0,28899988.0,2933569.0,-282289.0,-985234.0,3823996.0,,283289.0
RVP,2014-06-30,False,Q2,2014,10-Q,6876362.0,-1340349.0,-1618822.0,-0.06,-0.06,0.0,44424462.0,32867221.0,15390724.0,22248428.0,25531628.0,-3732753.0,-1562279.0,-85899.0,,,962279.0
RVP,2014-09-30,False,Q3,2014,10-Q,10886680.0,420888.0,142426.0,0.01,0.0,0.0,45619969.0,34294830.0,16204478.0,22073857.0,25951652.0,-3835343.0,-1570764.0,-149395.0,,,970170.0
RVP,2015-09-30,False,Q3,2015,10-Q,9482866.0,-199382.0,-482325.0,-0.02,-0.02,0.0,43358644.0,31616839.0,7808753.0,19703945.0,32068336.0,-1972279.0,-662399.0,209646.0,,,1263296.0
RVP,2015-06-30,True,Q2,2015,10-Q,6715470.0,-1240322.0,6211076.0,0.22,0.21,0.0,42649755.0,31266892.0,6943625.0,19715134.0,32360545.0,-1739378.0,-693806.0,19341.0,,,693211.0
RVP,2015-03-31,False,Q1,2015,10-Q,6178576.0,-895097.0,-1172094.0,-0.04,-0.04,0.0,44158302.0,32897414.0,14998738.0,22345253.0,25773907.0,556229.0,-363472.0,23519.0,,,363177.0
RVP,2014-12-31,False,FY,2014,10-K,34520630.0,-2157561.0,-3269830.0,-0.12,-0.12,0.0,45353114.0,34229568.0,15099600.0,22128977.0,26828486.0,-3867822.0,-1608830.0,-23730.0,3574772.0,,1007933.0
RVP,2016-06-30,False,Q2,2016,10-Q,7575053.0,-605536.0,-832943.0,-0.03,-0.03,0.0,41194550.0,28982251.0,7746985.0,17213810.0,30160870.0,-507563.0,-928180.0,604509.0,,,928180.0
RVP,2015-06-30,False,Q2,2015,10-Q,6715470.0,-1836322.0,5615076.0,0.2,0.19,0.0,42053755.0,30670892.0,6943625.0,19715134.0,31764545.0,-1739378.0,-693806.0,19341.0,,,693211.0
RVP,2017-03-31,False,Q1,2017,10-Q,6923680.0,-1152104.0,-1366194.0,-0.04,-0.04,0.0,39647154.0,27734688.0,7389730.0,16816193.0,28878132.0,-976910.0,-17131.0,1611191.0,,,17131.0
RVP,2017-06-30,False,Q2,2017,10-Q,7646117.0,-1305209.0,-1525595.0,-0.05,-0.05,0.0,39269565.0,27441882.0,8290246.0,15472553.0,27709084.0,-2048375.0,-130459.0,1452344.0,,,130459.0
RVP,2015-12-31,False,FY,2015,10-K,29552200.0,-3207876.0,4314318.0,0.21,0.2,0.0,42540864.0,30810698.0,8095713.0,18045044.0,31027680.0,-3252157.0,-864113.0,32337.0,3666820.0,,1465010.0
RVP,2016-03-31,False,Q1,2016,10-Q,5921982.0,-894169.0,-1115340.0,-0.04,-0.04,0.0,40275691.0,28673389.0,6864452.0,18095633.0,30062677.0,218079.0,-75650.0,-91840.0,,,75650.0
RVP,2017-09-30,False,Q3,2017,10-Q,10412036.0,-32858.0,-242875.0,-0.01,-0.01,0.0,40642734.0,28971683.0,9130416.0,15866458.0,28339997.0,-2018814.0,-172305.0,1858534.0,,,172305.0
RVP,2018-03-31,False,Q1,2018,10-Q,7672801.0,-156973.0,-355533.0,-0.01,-0.01,0.0,37207341.0,25813142.0,7278273.0,15094258.0,26939730.0,459136.0,-76294.0,-166483.0,,,76294.0
RVP,2016-09-30,False,Q3,2016,10-Q,8840134.0,-81439.0,-301553.0,-0.01,-0.01,0.0,40544856.0,27814289.0,7259685.0,15218714.0,30065105.0,-1640823.0,-1671649.0,486142.0,,,1671649.0
RVP,2016-12-31,False,FY,2016,10-K,29826636.0,-3507002.0,-4399903.0,-0.15,-0.15,0.0,38778979.0,26676653.0,7172444.0,16199043.0,28108291.0,-794912.0,-1947172.0,896083.0,3928637.0,,1947172.0
RVP,2018-06-30,False,Q2,2018,10-Q,7474993.0,-938685.0,-1123955.0,-0.03,-0.03,0.0,37097020.0,25858518.0,8271520.0,12849614.0,25936911.0,-1534747.0,-143636.0,-349902.0,2997329.0,,143636.0
RVP,2017-12-31,False,FY,2017,10-K,34493838.0,-3778580.0,-4441034.0,-0.14,-0.14,0.0,38155480.0,26607770.0,7899945.0,14877899.0,27174126.0,-2922636.0,-91878.0,1693370.0,3492358.0,,91878.0
