symbol,end_date,amend,period_focus,fiscal_year,doc_type,revenues,op_income,net_income,eps_basic,eps_diluted,dividend,assets,cur_assets,cur_liab,cash,equity,cash_flow_op,cash_flow_inv,cash_flow_fin,debt,goodwill,cap_ex
SATS,2013-06-30,False,Q2,2013,10-Q,830003000.0,6088000.0,-9759000.0,-0.11,-0.11,0.0,6506327000.0,2283335000.0,509349000.0,700134000.0,3175091000.0,193275000.0,-231790000.0,7830000.0,2445645000.0,507924000.0,158272000.0
SATS,2014-06-30,False,Q2,2014,10-Q,879828000.0,92470000.0,30805000.0,0.37,0.36,0.0,7172138000.0,2383046000.0,523175000.0,708257000.0,3558663000.0,371974000.0,-288533000.0,-10759000.0,2390418000.0,504173000.0,269717000.0
SATS,2013-03-31,False,Q1,2013,10-Q,795454000.0,23936000.0,3458000.0,0.04,0.04,0.0,6549952000.0,2220033000.0,520493000.0,737410000.0,3176060000.0,50184000.0,-43220000.0,-1224000.0,2462678000.0,507924000.0,72620000.0
SATS,2012-09-30,False,Q3,2012,10-Q,764721000.0,23880000.0,22554000.0,0.26,0.26,0.0,6656665000.0,2267260000.0,588754000.0,694464000.0,3159295000.0,350341000.0,-230172000.0,-40177000.0,2497344000.0,514536000.0,371385000.0
SATS,2013-09-30,False,Q3,2013,10-Q,848908000.0,40904000.0,4320000.0,0.05,0.05,0.0,6664459000.0,2375105000.0,578462000.0,821356000.0,3191791000.0,391344000.0,-309236000.0,4301000.0,2432783000.0,507924000.0,264843000.0
SATS,2012-03-31,False,Q1,2012,10-Q,764780000.0,29410000.0,126588000.0,1.46,1.45,0.0,6687469000.0,2411271000.0,657130000.0,629094000.0,3107054000.0,79210000.0,-48784000.0,-16121000.0,2545684000.0,526680000.0,114007000.0
SATS,2014-09-30,False,Q3,2014,10-Q,895840000.0,92277000.0,60168000.0,0.7,0.69,0.0,7312681000.0,2471965000.0,616720000.0,760391000.0,3598413000.0,662434000.0,-500130000.0,-34311000.0,2377269000.0,510630000.0,434428000.0
SATS,2013-12-31,False,FY,2013,10-K,3282452000.0,103587000.0,2525000.0,0.03,0.03,0.0,6701963000.0,2356126000.0,558445000.0,634119000.0,3226231000.0,450507000.0,-570289000.0,18326000.0,2422388000.0,504173000.0,391873000.0
SATS,2011-12-31,False,FY,2011,10-K,2761431000.0,80838000.0,3639000.0,0.04,0.04,0.0,6543737000.0,2307737000.0,583722000.0,614035000.0,3051626000.0,447018000.0,-1888045000.0,1913547000.0,2534262000.0,533018000.0,377172000.0
SATS,2014-03-31,False,Q1,2014,10-Q,826023000.0,59820000.0,12055000.0,0.14,0.14,0.0,7238592000.0,2449236000.0,634482000.0,702007000.0,3514139000.0,201472000.0,-133004000.0,-1706000.0,2406603000.0,504173000.0,113625000.0
SATS,2012-06-30,False,Q2,2012,10-Q,806004000.0,45933000.0,35682000.0,0.41,0.41,0.0,6638108000.0,2277567000.0,600330000.0,633385000.0,3139915000.0,184834000.0,-139335000.0,-27420000.0,2523933000.0,520994000.0,277723000.0
SATS,2014-12-31,False,FY,2014,10-K,3445578000.0,328090000.0,152874000.0,1.81,1.78,0.0,7253998000.0,2328091000.0,517733000.0,549053000.0,3623638000.0,840131000.0,-887590000.0,-35096000.0,2367687000.0,510630000.0,680026000.0
SATS,2012-12-31,False,FY,2012,10-K,3121704000.0,99886000.0,211048000.0,2.42,2.4,0.0,6600233000.0,2214649000.0,587325000.0,731614000.0,3150227000.0,505149000.0,-346781000.0,-43976000.0,2488499000.0,507924000.0,513005000.0
SATS,2010-09-30,False,Q3,2010,10-Q,607040000.0,38603000.0,5151000.0,0.06,0.06,0.0,3633821000.0,1484751000.0,376348000.0,116704000.0,2797852000.0,195833000.0,-62027000.0,-40432000.0,,,157031000.0
SATS,2010-06-30,False,Q2,2010,10-Q,603049000.0,31313000.0,-41477000.0,-0.49,-0.49,0.0,3551812000.0,1395737000.0,349982000.0,122318000.0,2754106000.0,117954000.0,16986000.0,-35952000.0,,,103698000.0
SATS,2010-12-31,False,FY,2010,10-K,2350369000.0,142325000.0,204358000.0,2.4,2.4,0.0,3842020000.0,1535467000.0,358817000.0,141814000.0,3013190000.0,404015000.0,-238558000.0,-46973000.0,,,196736000.0
SATS,2015-03-31,False,Q1,2015,10-Q,798653000.0,81205000.0,29398000.0,0.36,0.36,0.0,7316631000.0,2370140000.0,555270000.0,591506000.0,3651813000.0,221562000.0,-168487000.0,-4948000.0,2351553000.0,510630000.0,177802000.0
SATS,2011-06-30,False,Q2,2011,10-Q,584233000.0,45821000.0,18482000.0,0.21,0.21,0.0,6518804000.0,1713812000.0,668065000.0,330163000.0,3116287000.0,128387000.0,-1883998000.0,1945033000.0,2405606000.0,530529000.0,122861000.0
SATS,2011-09-30,False,Q3,2011,10-Q,863163000.0,22266000.0,-19117000.0,-0.22,-0.22,0.0,6463118000.0,2183415000.0,696393000.0,640806000.0,3020786000.0,252423000.0,-1680688000.0,1928204000.0,2397639000.0,539955000.0,261196000.0
SATS,2015-06-30,False,Q2,2015,10-Q,793595000.0,94348000.0,31750000.0,0.37,0.36,0.0,7233133000.0,2179477000.0,506224000.0,502010000.0,3703256000.0,382744000.0,-304244000.0,-122245000.0,2234003000.0,510630000.0,356910000.0
SATS,2011-03-31,False,Q1,2011,10-Q,479826000.0,10848000.0,17164000.0,0.2,0.19,0.0,3922021000.0,1580688000.0,399121000.0,121596000.0,3054019000.0,93172000.0,-114154000.0,1828000.0,,,39140000.0
SATS,2016-03-31,False,Q1,2016,10-Q,816359000.0,86465000.0,49155000.0,0.54,0.54,0.0,7336235000.0,2149344000.0,2409456000.0,898816000.0,3861668000.0,192849000.0,-214300000.0,-4509000.0,2186803000.0,510630000.0,235223000.0
SATS,2015-12-31,False,FY,2015,10-K,3143714000.0,356033000.0,153357000.0,1.77,1.75,0.0,7240762000.0,2133659000.0,526831000.0,924240000.0,3781642000.0,776451000.0,-275311000.0,-120257000.0,2223641000.0,510630000.0,809270000.0
SATS,2015-09-30,False,Q3,2015,10-Q,760879000.0,88607000.0,28835000.0,0.33,0.32,0.0,7289143000.0,2257653000.0,542865000.0,779105000.0,3703567000.0,607923000.0,-241501000.0,-127185000.0,2228213000.0,510630000.0,585902000.0
SATS,2016-09-30,False,Q3,2016,10-Q,742349000.0,81981000.0,36644000.0,0.39,0.39,0.0,8977337000.0,3717489000.0,548235000.0,2215708000.0,3978675000.0,574709000.0,-759819000.0,1475894000.0,3667690000.0,510630000.0,533669000.0
SATS,2016-06-30,False,Q2,2016,10-Q,757629000.0,89886000.0,55786000.0,0.6,0.6,0.0,7361393000.0,2145858000.0,499430000.0,761840000.0,3919351000.0,355634000.0,-507514000.0,-11248000.0,2182973000.0,510630000.0,376856000.0
