symbol,end_date,amend,period_focus,fiscal_year,doc_type,revenues,op_income,net_income,eps_basic,eps_diluted,dividend,assets,cur_assets,cur_liab,cash,equity,cash_flow_op,cash_flow_inv,cash_flow_fin,debt,goodwill,cap_ex
SDIX,2011-09-30,False,Q3,2011,10-Q,6915000.0,-657000.0,-694000.0,-0.03,-0.03,0.0,21350000.0,16187000.0,3206000.0,7035000.0,18144000.0,-456000.0,-641000.0,77000.0,,,641000.0
SDIX,2011-12-31,False,FY,2011,10-K,24193000.0,-4708000.0,-298000.0,-0.01,-0.01,0.0,22622000.0,17483000.0,2625000.0,10665000.0,19997000.0,-692000.0,3226000.0,80000.0,,,991000.0
SDIX,2012-06-30,False,Q2,2012,10-Q,5492000.0,-1446000.0,-1456000.0,-0.07,-0.07,0.0,20845000.0,14660000.0,2913000.0,7535000.0,17715000.0,-1855000.0,-1278000.0,-1000.0,,,1278000.0
SDI,2018-09-30,False,Q3,2018,10-Q,91595000.0,10889000.0,1367000.0,0.08,0.08,0.0,420563000.0,,,18520000.0,93637000.0,-9765000.0,-29765000.0,36490000.0,30000000.0,147464000.0,1591000.0
SDIX,2012-09-30,False,Q3,2012,10-Q,3995000.0,-1715000.0,-1030000.0,-0.05,-0.05,0.0,19618000.0,13541000.0,2608000.0,6995000.0,16806000.0,-2210000.0,-1478000.0,-11000.0,,,1478000.0
SDIX,2012-03-31,False,Q1,2012,10-Q,5637000.0,-1190000.0,-1197000.0,-0.06,-0.06,0.0,22215000.0,16724000.0,3254000.0,9798000.0,18961000.0,-306000.0,-585000.0,2000.0,,,585000.0
SDIX,2013-06-30,False,Q2,2013,10-Q,3630000.0,-1876000.0,-1749000.0,-0.08,-0.08,0.0,24336000.0,19380000.0,1978000.0,13993000.0,21994000.0,-3556000.0,-515000.0,-33000.0,,,515000.0
SDIX,2013-03-31,False,Q1,2013,10-Q,3383000.0,-454000.0,-1594000.0,-0.08,-0.08,0.0,26561000.0,21633000.0,2755000.0,16026000.0,23591000.0,-1782000.0,-277000.0,-11000.0,,,
SDIX,2012-12-31,False,FY,2012,10-K,15071000.0,-7168000.0,4342000.0,0.21,0.21,0.0,27570000.0,22868000.0,2269000.0,18145000.0,25110000.0,-2980000.0,10447000.0,-20000.0,238000.0,,1628000.0
SDIX,2011-06-30,False,Q2,2011,10-Q,7070000.0,-642000.0,-657000.0,-0.03,-0.03,0.0,22395000.0,17110000.0,3569000.0,7534000.0,18726000.0,-164000.0,-445000.0,71000.0,,,445000.0
SDIX,2013-03-31,True,Q1,2013,10-Q,3383000.0,-1589000.0,-1594000.0,-0.08,-0.08,0.0,26561000.0,21633000.0,2755000.0,16026000.0,23591000.0,-1782000.0,-277000.0,-11000.0,,,277000.0
SDIX,2013-09-30,False,Q3,2013,10-Q,551000.0,-427000.0,2611000.0,0.12,0.12,0.0,26576000.0,26569000.0,726000.0,25042000.0,25850000.0,-2382000.0,9573000.0,-237000.0,,,
SDIX,2013-12-31,False,FY,2013,10-K,7564000.0,-1845000.0,-1271000.0,-0.06,-0.06,0.0,25964000.0,25964000.0,625000.0,24598000.0,25339000.0,-2826000.0,9573000.0,-237000.0,,,
SDIX,2015-03-31,False,Q1,2015,10-Q,,-251000.0,-251000.0,-0.01,-0.01,0.0,24513000.0,24513000.0,409000.0,24423000.0,24104000.0,-395000.0,,,,,
SDIX,2014-03-31,False,Q1,2014,10-Q,0.0,-340000.0,-340000.0,-0.02,-0.02,0.0,25742000.0,25742000.0,743000.0,24321000.0,24999000.0,-277000.0,,,,,
SDOI,2016-03-31,False,Q1,2016,10-Q,,-162000.0,-161000.0,-0.01,-0.01,0.0,23469000.0,23469000.0,335000.0,23398000.0,23134000.0,-202000.0,,133000.0,,,
SDIX,2014-09-30,False,Q3,2014,10-Q,,-261000.0,-261000.0,-0.01,-0.01,0.0,25066000.0,25066000.0,417000.0,25023000.0,24649000.0,-875000.0,1300000.0,,,,
SDIX,2015-06-30,False,Q2,2015,10-Q,,-291000.0,-291000.0,-0.01,-0.01,0.0,24244000.0,24244000.0,430000.0,24179000.0,23814000.0,-639000.0,,,,,
SDIX,2014-12-31,False,FY,2014,10-K,,-1242000.0,-990000.0,-0.05,-0.05,0.0,24840000.0,24840000.0,486000.0,24818000.0,24354000.0,-1080000.0,1300000.0,,,,
SDIX,2014-06-30,False,Q2,2014,10-Q,,-345000.0,-93000.0,0.0,0.0,0.0,25633000.0,25633000.0,724000.0,25539000.0,24909000.0,-359000.0,1300000.0,,,,
SDIX,2015-09-30,False,Q3,2015,10-Q,,-268000.0,-268000.0,-0.01,-0.01,0.0,23955000.0,23955000.0,405000.0,23908000.0,23550000.0,-910000.0,,,,,
SDOI,2016-09-30,False,Q3,2016,10-Q,,-274000.0,-266000.0,-0.01,-0.01,0.0,23129000.0,23129000.0,433000.0,13112000.0,22696000.0,-507000.0,-9981000.0,133000.0,,,
SDOI,2016-12-31,False,FY,2016,10-K,,-3059000.0,-3031000.0,-0.14,-0.14,0.0,22018000.0,22018000.0,1751000.0,1836000.0,20267000.0,-1808000.0,-19956000.0,133000.0,,,
SDOI,2015-12-31,False,FY,2015,10-K,,-1216000.0,-1216000.0,-0.06,-0.06,0.0,23513000.0,23513000.0,351000.0,23467000.0,23162000.0,-1351000.0,,,,,
SDOI,2016-06-30,False,Q2,2016,10-Q,,-174000.0,-174000.0,-0.01,-0.01,0.0,23283000.0,23283000.0,322000.0,23231000.0,22961000.0,-369000.0,,133000.0,,,
SDOPA,2017-09-30,False,Q3,2017,10-Q,73352000.0,13302000.0,2750000.0,0.17,0.16,0.0,304394000.0,98120000.0,46358000.0,20487000.0,65265000.0,16680000.0,19179000.0,-18237000.0,,134620000.0,1052000.0
SDOPA,2018-03-31,False,Q1,2018,10-Q,82066000.0,9039000.0,521000.0,0.03,0.03,0.0,359316000.0,,,31535000.0,71547000.0,4354000.0,4210000.0,4222000.0,0.0,134906000.0,383000.0
SDOI,2017-03-31,False,Q1,2017,10-Q,,-1257000.0,-1233000.0,-0.06,-0.06,0.0,21020000.0,21020000.0,1985000.0,3788000.0,19035000.0,-1051000.0,3003000.0,,,,
SDOPA,2017-12-31,False,FY,2017,10-K,285801000.0,46921000.0,10377000.0,0.49,0.48,0.0,298714000.0,95615000.0,39550000.0,18219000.0,68441000.0,24946000.0,18031000.0,-27623000.0,6500000.0,134620000.0,2021000.0
SDOPA,2017-06-30,False,Q2,2017,10-Q,72086000.0,13116000.0,4903000.0,0.2,0.2,0.0,310302000.0,102882000.0,56500000.0,20496000.0,59497000.0,4923000.0,19954000.0,-7246000.0,,134620000.0,567000.0
SDI,2018-06-30,False,Q2,2018,10-Q,89270000.0,14099000.0,3528000.0,0.21,0.2,0.0,387902000.0,,,22882000.0,80818000.0,-1236000.0,-14266000.0,17323000.0,16000000.0,135341000.0,1046000.0
