symbol,end_date,amend,period_focus,fiscal_year,doc_type,revenues,op_income,net_income,eps_basic,eps_diluted,dividend,assets,cur_assets,cur_liab,cash,equity,cash_flow_op,cash_flow_inv,cash_flow_fin,debt,goodwill,cap_ex
SIG,2012-04-28,False,Q1,2013,10-Q,900000000.0,129400000.0,82500000.0,0.96,0.96,0.12,3485200000.0,2879000000.0,744000000.0,399000000.0,2257700000.0,34000000.0,-18600000.0,-102600000.0,,,18600000.0
SIG,2012-10-27,False,Q3,2013,10-Q,716200000.0,52500000.0,34900000.0,0.43,0.43,0.12,3421100000.0,2778600000.0,786600000.0,166000000.0,2150100000.0,-16600000.0,-46100000.0,-7300000.0,,,100900000.0
SIG,2011-10-29,False,Q3,2012,10-Q,710500000.0,42500000.0,26100000.0,0.3,0.3,0.0,3364100000.0,2780400000.0,772600000.0,349600000.0,2148200000.0,-78500000.0,-34700000.0,21800000.0,,,73000000.0
SIG,2013-08-03,False,Q2,2014,10-Q,880200000.0,105500000.0,67400000.0,0.84,0.84,0.15,3627800000.0,2907500000.0,721500000.0,212900000.0,2372600000.0,13400000.0,-29000000.0,-36300000.0,,,53600000.0
SIG,2012-07-28,False,Q2,2013,10-Q,853900000.0,110900000.0,70700000.0,0.86,0.85,0.12,3319000000.0,2696300000.0,720900000.0,237500000.0,2111000000.0,82800000.0,-36200000.0,-209000000.0,,,54800000.0
SIG,2018-11-03,False,Q3,2019,10-Q,1191700000.0,-48800000.0,-38100000.0,-0.74,-0.74,0.37,4907500000.0,3010100000.0,1365700000.0,130700000.0,1349000000.0,313500000.0,-79500000.0,-320700000.0,989000000.0,509000000.0,93400000.0
SIG,2013-05-04,False,Q1,2014,10-Q,993600000.0,142800000.0,91800000.0,1.14,1.13,0.15,3684500000.0,2972200000.0,809800000.0,263700000.0,2344500000.0,45100000.0,-23200000.0,-58300000.0,,,23200000.0
SIG,2012-01-28,False,FY,2012,10-K,3749200000.0,507400000.0,324400000.0,3.76,3.73,0.0,3611400000.0,3016300000.0,867200000.0,486800000.0,2279100000.0,325200000.0,-97800000.0,-40000000.0,,,97800000.0
SIG,2013-11-02,False,Q3,2014,10-Q,771400000.0,51600000.0,33600000.0,0.42,0.42,0.15,3765400000.0,3013700000.0,842700000.0,87800000.0,2386200000.0,-80400000.0,-53300000.0,9900000.0,,,106900000.0
SIG,2014-05-03,False,Q1,2015,10-Q,1056100000.0,150700000.0,96600000.0,1.21,1.2,0.18,4021600000.0,3232700000.0,796200000.0,249100000.0,2643800000.0,73500000.0,-28100000.0,-43500000.0,,26800000.0,28100000.0
SIG,2010-10-30,False,Q3,2011,10-Q,641800000.0,18500000.0,6000000.0,0.07,0.07,0.0,3147600000.0,2584300000.0,917100000.0,414900000.0,1809000000.0,-57700000.0,-25100000.0,13500000.0,,,33300000.0
SIG,2014-02-01,False,FY,2014,10-K,4209200000.0,570500000.0,368000000.0,4.59,4.56,0.6,4029200000.0,3257600000.0,900700000.0,247600000.0,2563100000.0,235500000.0,-160400000.0,-124800000.0,,26800000.0,152700000.0
SIG,2014-08-02,False,Q2,2015,10-Q,1225900000.0,83500000.0,58000000.0,0.73,0.72,0.18,5994700000.0,4068700000.0,1173700000.0,215000000.0,2683900000.0,110400000.0,-1491300000.0,1346900000.0,1400200000.0,551900000.0,90000000.0
SIG,2014-11-01,False,Q3,2015,10-Q,1177900000.0,10700000.0,-1300000.0,-0.02,-0.02,0.18,6178500000.0,4267900000.0,1417100000.0,87600000.0,2642300000.0,-208100000.0,-76600000.0,158000000.0,1394900000.0,524300000.0,165100000.0
SIG,2013-02-02,False,FY,2013,10-K,3983400000.0,560500000.0,359900000.0,4.37,4.35,0.48,3715800000.0,3032900000.0,868700000.0,301000000.0,2329900000.0,312700000.0,-190900000.0,-308100000.0,,24600000.0,134200000.0
SIG,2015-05-02,False,Q1,2016,10-Q,1530600000.0,176200000.0,118800000.0,1.49,1.48,0.22,6244600000.0,4310200000.0,1153000000.0,122600000.0,2891900000.0,67000000.0,-40800000.0,-97300000.0,385000000.0,520700000.0,42900000.0
SIG,2010-07-31,False,Q2,2011,10-Q,722800000.0,63300000.0,40700000.0,0.47,0.47,0.0,2938600000.0,2485300000.0,603000000.0,485400000.0,1889100000.0,70400000.0,-8100000.0,-22200000.0,,,11600000.0
SIG,2015-01-31,False,FY,2015,10-K,5736300000.0,576600000.0,381300000.0,4.77,4.75,0.72,6327600000.0,4407300000.0,1338300000.0,193600000.0,2810400000.0,283000000.0,-1652600000.0,1320900000.0,,519200000.0,220200000.0
SIG,2011-04-30,False,Q1,2012,10-Q,887300000.0,118700000.0,75400000.0,0.87,0.87,0.0,3199600000.0,2632100000.0,708200000.0,394100000.0,2044500000.0,105300000.0,-12900000.0,-200000.0,,,8800000.0
SIG,2016-04-30,False,Q1,2017,10-Q,1578900000.0,212000000.0,146800000.0,1.87,1.87,0.26,6427700000.0,4541200000.0,1055800000.0,113000000.0,3098200000.0,114400000.0,-38900000.0,-103100000.0,1430600000.0,519700000.0,39300000.0
SIG,2016-07-30,False,Q2,2017,10-Q,1373400000.0,119900000.0,81900000.0,1.06,1.06,0.26,6298000000.0,4407900000.0,1144100000.0,118700000.0,2879900000.0,309200000.0,-100500000.0,-228600000.0,1578400000.0,518100000.0,101000000.0
SIG,2011-07-30,False,Q2,2012,10-Q,797600000.0,102300000.0,66300000.0,0.77,0.76,0.0,3247500000.0,2672300000.0,680700000.0,440200000.0,2119200000.0,86800000.0,-25400000.0,-15300000.0,,,30100000.0
SIG,2016-10-29,False,Q3,2017,10-Q,1186200000.0,32100000.0,14800000.0,0.2,0.2,0.26,6487500000.0,4555000000.0,1335000000.0,82700000.0,2231200000.0,360900000.0,-196000000.0,-218200000.0,1621800000.0,517000000.0,195600000.0
SIG,2015-08-01,False,Q2,2016,10-Q,1410600000.0,100800000.0,62200000.0,0.78,0.78,0.22,6211800000.0,4256500000.0,1137500000.0,159800000.0,2872200000.0,143600000.0,-56400000.0,-50300000.0,380000000.0,517600000.0,98900000.0
SIG,2016-01-30,False,FY,2016,10-K,6550200000.0,703700000.0,467900000.0,5.89,5.87,0.88,6474400000.0,4589900000.0,1152900000.0,137700000.0,3060700000.0,443300000.0,-228700000.0,-266600000.0,365000000.0,515500000.0,226500000.0
SIG,2011-01-29,False,FY,2011,10-K,3437400000.0,372500000.0,200400000.0,2.34,2.32,0.0,3089800000.0,2542300000.0,711000000.0,302100000.0,1939000000.0,323900000.0,-55600000.0,-283100000.0,,,46000000.0
SIG,2015-10-31,False,Q3,2016,10-Q,1216400000.0,33600000.0,15000000.0,0.19,0.19,0.22,6469700000.0,4482500000.0,1441800000.0,77200000.0,2845000000.0,-121900000.0,-73800000.0,113400000.0,372500000.0,517600000.0,170800000.0
SIG,2017-01-28,False,FY,2017,10-K,6408400000.0,763200000.0,531300000.0,7.13,7.08,1.04,6597800000.0,4642600000.0,1203700000.0,98700000.0,2490200000.0,678300000.0,-278400000.0,-438200000.0,,517600000.0,278000000.0
SIG,2017-04-29,False,Q1,2018,10-Q,1403400000.0,115300000.0,70300000.0,1.03,1.03,0.31,6465200000.0,4507800000.0,1015900000.0,99700000.0,2543400000.0,56800000.0,-56600000.0,3600000.0,1451300000.0,516100000.0,56200000.0
SIG,2018-08-04,False,Q2,2019,10-Q,1420100000.0,-58100000.0,-31200000.0,-0.56,-0.56,0.37,4740800000.0,2867500000.0,1064800000.0,134100000.0,1400100000.0,452600000.0,-42700000.0,-493800000.0,788900000.0,509000000.0,56100000.0
SIG,2018-05-05,False,Q1,2019,10-Q,1480600000.0,-574200000.0,-504800000.0,-8.48,-8.48,0.37,5272900000.0,3366300000.0,1108400000.0,153900000.0,1892600000.0,27900000.0,-25400000.0,-69300000.0,758700000.0,509100000.0,26100000.0
SIG,2017-07-29,False,Q2,2018,10-Q,1399600000.0,135600000.0,85200000.0,1.34,1.33,0.31,6313800000.0,4342800000.0,1810000000.0,119100000.0,2176600000.0,409800000.0,-106400000.0,-286200000.0,1652600000.0,519900000.0,105700000.0
SIG,2018-02-03,False,FY,2018,10-K,6253000000.0,579900000.0,486400000.0,7.72,7.44,1.24,5839600000.0,3446100000.0,1037200000.0,225100000.0,2499800000.0,1940500000.0,-569400000.0,-1253600000.0,,821700000.0,237400000.0
SIG,2017-10-28,False,Q3,2018,10-Q,1156900000.0,5500000.0,-12100000.0,-0.2,-0.2,0.31,5800700000.0,3462200000.0,1317500000.0,113400000.0,2139000000.0,1482300000.0,-499300000.0,-970700000.0,996100000.0,867100000.0,166100000.0
