symbol,end_date,amend,period_focus,fiscal_year,doc_type,revenues,op_income,net_income,eps_basic,eps_diluted,dividend,assets,cur_assets,cur_liab,cash,equity,cash_flow_op,cash_flow_inv,cash_flow_fin,debt,goodwill,cap_ex
SLAB,2018-12-29,False,FY,2018,10-K,882109000.0,85208000.0,83591000.0,1.94,1.9,0.0,1624354000.0,826638000.0,144845000.0,197043000.0,1067290000.0,173542000.0,-197029000.0,-48836000.0,354771000.0,397344000.0,24462000.0
SLAB,2010-07-03,False,Q2,2010,10-Q,134577000.0,30647000.0,21047000.0,0.46,0.44,0.0,720498000.0,488311000.0,83189000.0,80969000.0,613477000.0,52533000.0,-86020000.0,-81281000.0,,109222000.0,3311000.0
SLAB,2010-10-02,False,Q3,2010,10-Q,120154000.0,19345000.0,18233000.0,0.41,0.4,0.0,710140000.0,488211000.0,88079000.0,107651000.0,600400000.0,83482000.0,-48251000.0,-123317000.0,,109222000.0,6792000.0
SLAB,2011-01-01,False,FY,2010,10-K,493341000.0,86671000.0,73242000.0,1.63,1.57,0.0,727658000.0,493929000.0,79856000.0,138567000.0,625430000.0,117935000.0,-55241000.0,-119864000.0,,112296000.0,13850000.0
SLAB,2011-04-02,False,Q1,2011,10-Q,119636000.0,4939000.0,-1960000.0,-0.04,-0.04,0.0,733510000.0,471214000.0,79681000.0,118496000.0,630289000.0,-2626000.0,-7227000.0,-10218000.0,,117215000.0,2697000.0
SLAB,2011-07-02,False,Q2,2011,10-Q,126197000.0,15984000.0,13372000.0,0.3,0.29,0.0,744257000.0,486808000.0,86144000.0,134824000.0,636592000.0,26230000.0,-4010000.0,-25963000.0,,117215000.0,5058000.0
SLAB,2011-10-01,False,Q3,2011,10-Q,119100000.0,13928000.0,11255000.0,0.26,0.26,0.0,677345000.0,426768000.0,86743000.0,108183000.0,571322000.0,65569000.0,16853000.0,-112806000.0,,115489000.0,7472000.0
SLAB,2011-12-31,False,FY,2011,10-K,491625000.0,50074000.0,35472000.0,0.82,0.79,0.0,705991000.0,453049000.0,82838000.0,94964000.0,598939000.0,88742000.0,-25172000.0,-107173000.0,,115489000.0,8690000.0
SLAB,2012-03-31,False,Q1,2012,10-Q,125702000.0,16764000.0,14320000.0,0.34,0.33,0.0,732810000.0,481525000.0,90346000.0,98038000.0,623411000.0,26147000.0,-25605000.0,2532000.0,,115489000.0,2428000.0
SLAB,2014-03-29,False,Q1,2014,10-Q,145691000.0,10009000.0,8110000.0,0.19,0.18,0.0,1010053000.0,487511000.0,133121000.0,128323000.0,761195000.0,46952000.0,-18910000.0,4481000.0,93750000.0,228781000.0,1673000.0
SLAB,2013-03-30,False,Q1,2013,10-Q,145375000.0,20637000.0,20034000.0,0.47,0.46,0.0,896633000.0,502711000.0,103804000.0,79263000.0,680910000.0,29508000.0,-58303000.0,2632000.0,97500000.0,130265000.0,3898000.0
SLAB,2012-06-30,False,Q2,2012,10-Q,135670000.0,16379000.0,20509000.0,0.48,0.47,0.0,721274000.0,474865000.0,94379000.0,173753000.0,617195000.0,41259000.0,68331000.0,-30801000.0,,115489000.0,5095000.0
SLAB,2012-09-29,False,Q3,2012,10-Q,149461000.0,27230000.0,10024000.0,0.24,0.24,0.0,855043000.0,444955000.0,116159000.0,125505000.0,621221000.0,84319000.0,-106568000.0,52790000.0,100000000.0,130069000.0,99720000.0
SLAB,2012-12-29,False,FY,2012,10-K,563294000.0,85675000.0,63548000.0,1.51,1.47,0.0,871966000.0,467682000.0,106378000.0,105426000.0,649973000.0,97050000.0,-139336000.0,52748000.0,100000000.0,130265000.0,102043000.0
SLAB,2013-09-28,False,Q3,2013,10-Q,146933000.0,10490000.0,6531000.0,0.15,0.15,0.0,999727000.0,452165000.0,103857000.0,116539000.0,734278000.0,95194000.0,-76305000.0,-7776000.0,96250000.0,227289000.0,8984000.0
SLAB,2013-06-29,False,Q2,2013,10-Q,141543000.0,19029000.0,12612000.0,0.3,0.29,0.0,913021000.0,526928000.0,98442000.0,193468000.0,705351000.0,66097000.0,15940000.0,6005000.0,96250000.0,130265000.0,6498000.0
SLAB,2013-12-28,False,FY,2013,10-K,580087000.0,64310000.0,49819000.0,1.17,1.14,0.0,991150000.0,459317000.0,109147000.0,95800000.0,738562000.0,120150000.0,-105911000.0,-23865000.0,95000000.0,228781000.0,10472000.0
SLAB,2015-04-04,False,Q1,2015,10-Q,163705000.0,7212000.0,6378000.0,0.15,0.15,0.0,1021226000.0,457811000.0,134822000.0,112710000.0,763437000.0,24088000.0,-35123000.0,-17961000.0,85000000.0,264687000.0,1991000.0
SLAB,2014-06-28,False,Q2,2014,10-Q,154918000.0,20802000.0,14279000.0,0.33,0.32,0.0,1024465000.0,508977000.0,134750000.0,93290000.0,777605000.0,63418000.0,-62006000.0,-3922000.0,92500000.0,228781000.0,3339000.0
SLAB,2014-09-27,False,Q3,2014,10-Q,158144000.0,9604000.0,5608000.0,0.13,0.13,0.0,1014917000.0,504868000.0,152730000.0,111705000.0,749970000.0,107587000.0,-46203000.0,-45479000.0,91250000.0,228781000.0,5500000.0
SLAB,2015-07-04,False,Q2,2015,10-Q,164856000.0,9003000.0,7575000.0,0.18,0.17,0.0,1035931000.0,481596000.0,133395000.0,125051000.0,786213000.0,37203000.0,-37633000.0,-16225000.0,82500000.0,263925000.0,4714000.0
SLAB,2015-01-03,False,FY,2014,10-K,620704000.0,51421000.0,38021000.0,0.88,0.87,0.0,1042561000.0,528537000.0,163314000.0,141706000.0,758056000.0,137443000.0,-26313000.0,-65224000.0,87500000.0,228781000.0,11225000.0
SLAB,2016-04-02,False,Q1,2016,10-Q,162025000.0,6848000.0,5808000.0,0.14,0.14,0.0,998282000.0,421250000.0,155096000.0,126690000.0,749447000.0,42409000.0,-1303000.0,-28501000.0,,272722000.0,2303000.0
SLAB,2016-01-02,False,FY,2015,10-K,644826000.0,32234000.0,29586000.0,0.7,0.69,0.0,1011463000.0,423140000.0,142321000.0,114085000.0,761114000.0,105447000.0,-49314000.0,-83754000.0,,272722000.0,11268000.0
SLAB,2015-10-03,False,Q3,2015,10-Q,156194000.0,11223000.0,9975000.0,0.24,0.23,0.0,978051000.0,429355000.0,129341000.0,135640000.0,741476000.0,87415000.0,-8642000.0,-84839000.0,,263925000.0,7281000.0
SLAB,2016-07-02,False,Q2,2016,10-Q,174908000.0,17614000.0,15559000.0,0.37,0.37,0.0,992588000.0,425364000.0,140980000.0,101334000.0,761149000.0,60431000.0,-20633000.0,-52549000.0,,272722000.0,5146000.0
SLAB,2016-10-01,False,Q3,2016,10-Q,178083000.0,21732000.0,20018000.0,0.48,0.47,0.0,1030216000.0,468395000.0,143847000.0,148195000.0,787629000.0,106619000.0,-15769000.0,-56740000.0,,272722000.0,8545000.0
SLAB,2016-12-31,False,FY,2016,10-K,697626000.0,66277000.0,61494000.0,1.47,1.45,0.0,1081844000.0,490851000.0,139695000.0,141106000.0,826958000.0,128910000.0,-49584000.0,-52305000.0,,276130000.0,10927000.0
SLAB,2017-04-01,False,Q1,2017,10-Q,179028000.0,12682000.0,15426000.0,0.37,0.36,0.0,1399426000.0,813246000.0,145293000.0,225399000.0,878834000.0,42013000.0,-261829000.0,304109000.0,332502000.0,288629000.0,4543000.0
SLAB,2017-07-01,False,Q2,2017,10-Q,190098000.0,20934000.0,16569000.0,0.39,0.38,0.0,1434327000.0,851506000.0,143243000.0,210615000.0,912205000.0,80565000.0,-320759000.0,309703000.0,335639000.0,288629000.0,8390000.0
SLAB,2018-03-31,False,Q1,2018,10-Q,205384000.0,23715000.0,26405000.0,0.61,0.6,0.0,1565995000.0,976321000.0,144804000.0,342272000.0,1000575000.0,22212000.0,67354000.0,-16660000.0,345049000.0,288227000.0,4102000.0
SLAB,2017-09-30,False,Q3,2017,10-Q,198723000.0,24968000.0,19949000.0,0.47,0.46,0.0,1477786000.0,905501000.0,159991000.0,236459000.0,942832000.0,141366000.0,-354947000.0,308934000.0,338717000.0,288629000.0,10494000.0
SLAB,2018-06-30,False,Q2,2018,10-Q,218145000.0,18001000.0,14280000.0,0.33,0.32,0.0,1592611000.0,775915000.0,139080000.0,194864000.0,1028468000.0,50778000.0,-110060000.0,-15220000.0,348233000.0,396689000.0,11406000.0
SLAB,2018-09-29,False,Q3,2018,10-Q,230243000.0,25130000.0,27761000.0,0.64,0.63,0.0,1604289000.0,801051000.0,147348000.0,225326000.0,1047707000.0,145126000.0,-149172000.0,-39994000.0,351457000.0,396689000.0,18267000.0
SLAB,2017-12-30,False,FY,2017,10-K,768867000.0,84974000.0,47092000.0,1.11,1.09,0.0,1535082000.0,947642000.0,162325000.0,269366000.0,953016000.0,189521000.0,-374291000.0,313030000.0,341879000.0,288227000.0,12252000.0
