symbol,end_date,amend,period_focus,fiscal_year,doc_type,revenues,op_income,net_income,eps_basic,eps_diluted,dividend,assets,cur_assets,cur_liab,cash,equity,cash_flow_op,cash_flow_inv,cash_flow_fin,debt,goodwill,cap_ex
SNAP,2017-03-31,False,Q1,2017,10-Q,149648000.0,-2213767000.0,-2208837000.0,-2.31,-2.31,0.0,4041777000.0,3463206000.0,242285000.0,1427114000.0,3735518000.0,-154997000.0,-1014798000.0,2446788000.0,,332205000.0,17993000.0
SNAP,2018-12-31,False,FY,2018,10-K,1180446000.0,-1268450000.0,-1255911000.0,-0.97,-0.97,0.0,2714106000.0,1675928000.0,292691000.0,387149000.0,2310999000.0,-689924000.0,694454000.0,47437000.0,0.0,632370000.0,120242000.0
SNAP,2018-03-31,False,Q1,2018,10-Q,230666000.0,-392530000.0,-385785000.0,-0.3,-0.3,0.0,3182030000.0,2111231000.0,301357000.0,466323000.0,2791848000.0,-231981000.0,319247000.0,45258000.0,,645707000.0,36315000.0
SNAP,2017-09-30,False,Q3,2017,10-Q,207937000.0,-461827000.0,-443159000.0,-0.36,-0.36,0.0,3542380000.0,2547731000.0,296164000.0,317554000.0,3175270000.0,-558584000.0,-1561729000.0,2287746000.0,,612823000.0,63306000.0
SNAP,2017-06-30,False,Q2,2017,10-Q,181671000.0,-449018000.0,-443093000.0,-0.36,-0.36,0.0,3875474000.0,3046898000.0,258309000.0,501677000.0,3540907000.0,-364571000.0,-1724681000.0,2440808000.0,,502825000.0,37358000.0
SNAP,2018-09-30,False,Q3,2018,10-Q,297695000.0,-323371000.0,-325148000.0,-0.25,-0.25,0.0,2783776000.0,1725127000.0,285520000.0,350398000.0,2384092000.0,-132543000.0,89561000.0,142000.0,,634186000.0,97501000.0
SNAP,2018-06-30,False,Q2,2018,10-Q,262263000.0,-357842000.0,-353310000.0,-0.27,-0.27,0.0,2950713000.0,1868850000.0,279342000.0,393183000.0,2584068000.0,-199346000.0,123208000.0,1914000.0,,635482000.0,71216000.0
SNAP,2017-12-31,False,FY,2017,10-K,824949000.0,-3485576000.0,-3445066000.0,-2.95,-2.95,0.0,3421566000.0,2366794000.0,346256000.0,334063000.0,2992327000.0,-734667000.0,-1346739000.0,2265348000.0,0.0,639882000.0,84518000.0
