symbol,end_date,amend,period_focus,fiscal_year,doc_type,revenues,op_income,net_income,eps_basic,eps_diluted,dividend,assets,cur_assets,cur_liab,cash,equity,cash_flow_op,cash_flow_inv,cash_flow_fin,debt,goodwill,cap_ex
SO,2016-09-30,False,Q3,2016,10-Q,6264000000.0,1917000000.0,1130000000.0,1.17,1.16,0.56,106362000000.0,9658000000.0,10567000000.0,2669000000.0,26180000000.0,4262000000.0,-16640000000.0,13643000000.0,,6223000000.0,5252000000.0
SO,2015-09-30,False,Q3,2015,10-Q,5401000000.0,,959000000.0,1.05,1.05,0.5425,75215000000.0,6270000000.0,9689000000.0,1109000000.0,21923000000.0,5088000000.0,-4880000000.0,191000000.0,,2000000.0,3490000000.0
SO,2015-06-30,False,Q2,2015,10-Q,4337000000.0,,629000000.0,0.69,0.69,0.5425,74181000000.0,6605000000.0,8694000000.0,813000000.0,21146000000.0,2107000000.0,-2766000000.0,762000000.0,,2000000.0,2647000000.0
SO,2016-06-30,False,Q2,2016,10-Q,4459000000.0,1185000000.0,612000000.0,0.65,0.65,0.56,90873000000.0,15149000000.0,8514000000.0,1897000000.0,23446000000.0,2115000000.0,-12675000000.0,11053000000.0,,264000000.0,3486000000.0
SO,2016-03-31,False,Q1,2016,10-Q,3965000000.0,933000000.0,485000000.0,0.53,0.53,0.5425,78735000000.0,5461000000.0,7856000000.0,754000000.0,22184000000.0,865000000.0,-2197000000.0,682000000.0,,2000000.0,1872000000.0
SO,2015-03-31,False,Q1,2015,10-Q,4183000000.0,,508000000.0,0.56,0.56,0.525,71610000000.0,6372000000.0,9185000000.0,1112000000.0,20994000000.0,913000000.0,-1107000000.0,596000000.0,76000000.0,2000000.0,1097000000.0
SO,2018-12-31,False,FY,2018,10-K,23495000000.0,4191000000.0,2226000000.0,2.18,2.17,2.38,116914000000.0,9583000000.0,14286000000.0,1396000000.0,29039000000.0,6945000000.0,-5760000000.0,-1813000000.0,3300000000.0,5315000000.0,8001000000.0
SO,2017-09-30,False,Q3,2017,10-Q,6201000000.0,2045000000.0,1069000000.0,1.07,1.06,0.58,110315000000.0,9202000000.0,12603000000.0,1841000000.0,25939000000.0,5253000000.0,-6687000000.0,1300000000.0,47269000000.0,6267000000.0,5242000000.0
SO,2018-03-31,False,Q1,2018,10-Q,6372000000.0,1376000000.0,938000000.0,0.93,0.92,0.58,111567000000.0,9524000000.0,13630000000.0,2284000000.0,26025000000.0,1509000000.0,-1995000000.0,629000000.0,47479000000.0,6226000000.0,1781000000.0
SO,2015-12-31,False,FY,2015,10-K,17489000000.0,4282000000.0,2367000000.0,2.6,2.59,2.1525,78318000000.0,6526000000.0,9129000000.0,1404000000.0,21982000000.0,6274000000.0,-7280000000.0,1700000000.0,2400000000.0,2000000.0,5674000000.0
SO,2018-06-30,False,Q2,2018,10-Q,5627000000.0,63000000.0,-154000000.0,-0.15,-0.15,0.6,112777000000.0,11619000000.0,14366000000.0,1980000000.0,26692000000.0,3258000000.0,-3624000000.0,236000000.0,45806000000.0,5315000000.0,3828000000.0
SO,2014-12-31,False,FY,2014,10-K,18467000000.0,3642000000.0,1963000000.0,2.19,2.18,2.0825,70923000000.0,6370000000.0,8967000000.0,710000000.0,20926000000.0,5815000000.0,-6408000000.0,644000000.0,1200000000.0,1839000.0,5977000000.0
SO,2017-06-30,False,Q2,2017,10-Q,5430000000.0,-1594000000.0,-1381000000.0,-1.38,-1.37,0.58,108684000000.0,8837000000.0,12751000000.0,1433000000.0,25241000000.0,2742000000.0,-4889000000.0,1605000000.0,,6271000000.0,3398000000.0
SO,2017-03-31,False,Q1,2017,10-Q,5771000000.0,1306000000.0,658000000.0,0.66,0.66,0.56,109760000000.0,8427000000.0,12284000000.0,1094000000.0,26996000000.0,897000000.0,-2803000000.0,1025000000.0,,6251000000.0,1488000000.0
SO,2010-03-31,False,Q1,2010,10-Q,4157317000.0,921994000.0,494508000.0,0.6,0.6,0.4375,52580045000.0,5220131000.0,5515903000.0,339050000.0,15902175000.0,738960000.0,-1088188000.0,-1444000.0,,,1054040000.0
SO,2010-09-30,False,Q3,2010,10-Q,5319912000.0,1458515000.0,817238000.0,0.98,0.97,0.455,54894780000.0,6609452000.0,5994412000.0,1258735000.0,16962276000.0,3526601000.0,-3005984000.0,48396000.0,,,2893812000.0
SO,2010-06-30,False,Q2,2010,10-Q,4207419000.0,951051000.0,510194000.0,0.62,0.61,0.455,53374490000.0,5524262000.0,5935450000.0,266278000.0,16240289000.0,1414962000.0,-2035540000.0,197134000.0,,,1935716000.0
SO,2009-09-30,False,Q3,2009,10-Q,4681482000.0,1415276000.0,789975000.0,0.99,0.99,0.4375,50524207000.0,5881933000.0,5176014000.0,606861000.0,15069416000.0,2359784000.0,-2856348000.0,686844000.0,,,3179009000.0
SO,2009-06-30,False,Q2,2009,10-Q,3885164000.0,886194000.0,478613000.0,0.61,0.6,0.4375,50417049000.0,6389370000.0,5662762000.0,781841000.0,14491037000.0,619615000.0,-1805060000.0,1550705000.0,,,2192959000.0
SO,2009-12-31,False,FY,2009,10-K,15743000000.0,3268000000.0,1643000000.0,2.07,2.06,1.7325,52046000000.0,5873000000.0,5584000000.0,690000000.0,15585000000.0,3263000000.0,-4319000000.0,1329000000.0,3585000000.0,,4670000000.0
SO,2012-03-31,False,Q1,2012,10-Q,3604000000.0,766000000.0,368000000.0,0.42,0.42,0.4725,59874000000.0,6041000000.0,6317000000.0,1044000000.0,18406000000.0,568000000.0,-1427000000.0,588000000.0,,1839000.0,1231000000.0
SO,2011-06-30,False,Q2,2011,10-Q,4521000000.0,1136000000.0,604000000.0,0.71,0.7,0.4725,56023000000.0,5502000000.0,5699000000.0,437000000.0,17689000000.0,2389000000.0,-2064000000.0,-335000000.0,,1839000.0,2126000000.0
SO,2011-03-31,False,Q1,2011,10-Q,4012000000.0,854000000.0,422000000.0,0.5,0.49,0.455,55019000000.0,5240000000.0,6037000000.0,410000000.0,17172000000.0,998000000.0,-884000000.0,-151000000.0,,,1086000000.0
SO,2012-06-30,False,Q2,2012,10-Q,4181000000.0,1143000000.0,623000000.0,0.71,0.71,0.49,60897000000.0,6373000000.0,6088000000.0,659000000.0,18831000000.0,1757000000.0,-2791000000.0,378000000.0,,1839000.0,2356000000.0
SO,2012-09-30,False,Q3,2012,10-Q,5049000000.0,1740000000.0,976000000.0,1.11,1.11,0.49,61963000000.0,6696000000.0,6569000000.0,1256000000.0,19346000000.0,4044000000.0,-3758000000.0,-345000000.0,,1839000.0,3558000000.0
SO,2010-12-31,False,FY,2010,10-K,17456000000.0,3802000000.0,1975000000.0,2.37,2.36,1.8025,55032000000.0,5883000000.0,6472000000.0,447000000.0,16909000000.0,3991000000.0,-4256000000.0,22000000.0,3091000000.0,,4086000000.0
SO,2014-06-30,False,Q2,2014,10-Q,4467000000.0,,611000000.0,0.68,0.68,0.525,66400000000.0,5376000000.0,5974000000.0,583000000.0,20182000000.0,2070000000.0,-2769000000.0,623000000.0,1000000000.0,1839000.0,2692000000.0
SO,2014-03-31,False,Q1,2014,10-Q,4644000000.0,700000000.0,351000000.0,0.39,0.39,0.5075,64838000000.0,5140000000.0,4835000000.0,590000000.0,19826000000.0,1103000000.0,-1215000000.0,43000000.0,1000000000.0,1839000.0,1180000000.0
SO,2011-12-31,False,FY,2011,10-K,17657000000.0,4231000000.0,2203000000.0,2.57,2.55,1.8725,59267000000.0,6272000000.0,6577000000.0,1315000000.0,18285000000.0,5903000000.0,-4183000000.0,-852000000.0,3621000000.0,1839000.0,4525000000.0
SO,2014-09-30,False,Q3,2014,10-Q,5339000000.0,,718000000.0,0.8,0.8,0.525,67654000000.0,6258000000.0,6890000000.0,1414000000.0,20613000000.0,4687000000.0,-4157000000.0,225000000.0,1000000000.0,1839000.0,3903000000.0
SO,2013-09-30,False,Q3,2013,10-Q,5017000000.0,1491000000.0,852000000.0,0.97,0.97,0.5075,64697000000.0,5785000000.0,5704000000.0,682000000.0,19534000000.0,4411000000.0,-4102000000.0,-255000000.0,475000000.0,1839000.0,3978000000.0
SO,2018-09-30,False,Q3,2018,10-Q,6159000000.0,2174000000.0,1164000000.0,1.14,1.13,0.6,111717000000.0,9384000000.0,12965000000.0,1847000000.0,28065000000.0,5584000000.0,-3500000000.0,-2340000000.0,45524000000.0,5315000000.0,5793000000.0
SO,2013-06-30,False,Q2,2013,10-Q,4246000000.0,640000000.0,297000000.0,0.34,0.34,0.5075,63961000000.0,6001000000.0,7346000000.0,424000000.0,18796000000.0,1947000000.0,-2629000000.0,478000000.0,46000000.0,1839000.0,2597000000.0
SO,2013-03-31,False,Q1,2013,10-Q,3897000000.0,325000000.0,81000000.0,0.09,0.09,0.49,63274000000.0,5932000000.0,6439000000.0,515000000.0,18744000000.0,737000000.0,-1279000000.0,429000000.0,45000000.0,1839000.0,1197000000.0
SO,2011-09-30,False,Q3,2011,10-Q,5428000000.0,1652000000.0,916000000.0,1.07,1.06,0.4725,57343000000.0,6495000000.0,5657000000.0,1516000000.0,18340000000.0,4598000000.0,-2898000000.0,-631000000.0,,1839000.0,3115000000.0
SO,2017-12-31,False,FY,2017,10-K,23031000000.0,2551000000.0,842000000.0,0.84,0.84,2.3,111005000000.0,10072000000.0,13594000000.0,2130000000.0,25528000000.0,6395000000.0,-7191000000.0,951000000.0,2800000000.0,6268000000.0,7423000000.0
SO,2013-12-31,False,FY,2013,10-K,17087000000.0,3255000000.0,1644000000.0,1.88,1.87,0.0,64546000000.0,5599000000.0,5536000000.0,659000000.0,19764000000.0,6097000000.0,-5742000000.0,-324000000.0,153000000.0,1839000.0,5463000000.0
SO,2016-12-31,False,FY,2016,10-K,19896000000.0,4629000000.0,2448000000.0,2.57,2.55,2.2225,109697000000.0,9722000000.0,12917000000.0,1975000000.0,26612000000.0,4894000000.0,-20048000000.0,15725000000.0,2800000000.0,6251000000.0,7310000000.0
SO,2012-12-31,False,FY,2012,10-K,16537000000.0,4463000000.0,2350000000.0,2.7,2.67,1.9425,63149000000.0,6162000000.0,7014000000.0,628000000.0,19004000000.0,4898000000.0,-5168000000.0,-417000000.0,153000000.0,1839000.0,4809000000.0
