symbol,end_date,amend,period_focus,fiscal_year,doc_type,revenues,op_income,net_income,eps_basic,eps_diluted,dividend,assets,cur_assets,cur_liab,cash,equity,cash_flow_op,cash_flow_inv,cash_flow_fin,debt,goodwill,cap_ex
MHFI,2014-09-30,False,Q3,2014,10-Q,1263000000.0,366000000.0,190000000.0,0.7,0.69,0.3,6270000000.0,3188000000.0,2384000000.0,1918000000.0,1590000000.0,820000000.0,-35000000.0,-401000000.0,799000000.0,1435000000.0,52000000.0
MHFI,2015-03-31,False,Q1,2015,10-Q,1273000000.0,501000000.0,303000000.0,1.11,1.1,0.33,5448000000.0,2688000000.0,2579000000.0,1176000000.0,589000000.0,-1349000000.0,-19000000.0,220000000.0,799000000.0,1365000000.0,16000000.0
MHP,2013-06-30,False,Q2,2013,10-Q,1250000000.0,436000000.0,254000000.0,0.93,0.91,0.28,6160000000.0,3107000000.0,2395000000.0,1900000000.0,1271000000.0,226000000.0,-43000000.0,-1044000000.0,799000000.0,1432000000.0,43000000.0
MHP,2013-03-31,False,Q1,2013,10-Q,1181000000.0,278000000.0,735000000.0,2.62,2.59,0.28,6270000000.0,3181000000.0,2688000000.0,1905000000.0,1082000000.0,-47000000.0,-22000000.0,-971000000.0,799000000.0,1429000000.0,22000000.0
MHFI,2014-06-30,False,Q2,2014,10-Q,1346000000.0,486000000.0,292000000.0,1.08,1.06,0.3,6057000000.0,2993000000.0,2252000000.0,1617000000.0,1489000000.0,459000000.0,-52000000.0,-351000000.0,799000000.0,1418000000.0,37000000.0
MHFI,2014-03-31,False,Q1,2014,10-Q,1236000000.0,430000000.0,248000000.0,0.91,0.89,0.3,6011000000.0,2864000000.0,2254000000.0,1531000000.0,1407000000.0,120000000.0,-35000000.0,-96000000.0,799000000.0,1413000000.0,20000000.0
MHFI,2014-12-31,False,FY,2014,10-K,5051000000.0,113000000.0,-115000000.0,-0.42,-0.42,1.2,6771000000.0,3966000000.0,3967000000.0,2497000000.0,539000000.0,1209000000.0,-65000000.0,-462000000.0,400000000.0,1387000000.0,92000000.0
MHP,2009-06-30,False,Q2,2009,10-Q,1465180000.0,296327000.0,164093000.0,0.53,0.52,0.225,6058016000.0,2397222000.0,2417593000.0,556131000.0,1466018000.0,289052000.0,-99831000.0,-115032000.0,,1688748000.0,16898000.0
MHFI,2013-12-31,False,FY,2013,10-K,4875000000.0,1405000000.0,1376000000.0,5.01,4.91,1.12,6061000000.0,2936000000.0,2372000000.0,1542000000.0,1344000000.0,816000000.0,-130000000.0,-1743000000.0,400000000.0,1412000000.0,117000000.0
MHP,2012-12-31,False,FY,2012,10-K,4450000000.0,1211000000.0,437000000.0,1.57,1.53,1.02,7052000000.0,3899000000.0,3667000000.0,760000000.0,840000000.0,747000000.0,-247000000.0,-905000000.0,400000000.0,1438000000.0,97000000.0
MHFI,2013-09-30,False,Q3,2013,10-Q,1194000000.0,407000000.0,215000000.0,0.79,0.77,0.28,5848000000.0,2828000000.0,2359000000.0,1577000000.0,1015000000.0,499000000.0,-18000000.0,-1600000000.0,799000000.0,1406000000.0,55000000.0
MHFI,2016-03-31,False,Q1,2016,10-Q,1341000000.0,512000000.0,294000000.0,1.11,1.1,0.36,8261000000.0,3448000000.0,2982000000.0,1600000000.0,270000000.0,133000000.0,-24000000.0,11000000.0,890000000.0,2869000000.0,16000000.0
MHFI,2015-06-30,False,Q2,2015,10-Q,1342000000.0,582000000.0,353000000.0,1.29,1.28,0.33,6013000000.0,3213000000.0,2240000000.0,1720000000.0,815000000.0,-897000000.0,-37000000.0,293000000.0,695000000.0,1383000000.0,42000000.0
SPGI,2016-06-30,False,Q2,2016,10-Q,1482000000.0,651000000.0,383000000.0,1.45,1.44,0.36,8291000000.0,3459000000.0,2845000000.0,1567000000.0,425000000.0,571000000.0,-88000000.0,-371000000.0,891000000.0,2882000000.0,36000000.0
MHFI,2015-12-31,False,FY,2015,10-K,5313000000.0,1917000000.0,1156000000.0,4.26,4.21,1.32,8183000000.0,3296000000.0,2908000000.0,1481000000.0,243000000.0,195000000.0,-2525000000.0,1510000000.0,890000000.0,2882000000.0,139000000.0
MHFI,2015-09-30,False,Q3,2015,10-Q,1324000000.0,410000000.0,252000000.0,0.93,0.92,0.33,8163000000.0,2836000000.0,2505000000.0,1441000000.0,704000000.0,-356000000.0,-2456000000.0,1927000000.0,897000000.0,2968000000.0,74000000.0
SPGI,2018-12-31,False,FY,2018,10-K,6258000000.0,2790000000.0,1958000000.0,7.8,7.73,2.0,9458000000.0,3604000000.0,2629000000.0,1917000000.0,684000000.0,2064000000.0,-513000000.0,-2288000000.0,892000000.0,3535000000.0,113000000.0
MHP,2009-09-30,False,Q3,2009,10-Q,1875903000.0,555965000.0,336111000.0,1.08,1.07,0.225,6415467000.0,2856939000.0,2516070000.0,957265000.0,1753240000.0,896394000.0,-167364000.0,-269822000.0,,1691837000.0,32603000.0
MHP,2010-06-30,False,Q2,2010,10-Q,1474056000.0,326258000.0,191084000.0,0.61,0.61,0.235,6364026000.0,2907953000.0,2359777000.0,1117827000.0,1919926000.0,359534000.0,-100905000.0,-321458000.0,1197901000.0,1688646000.0,22085000.0
MHP,2010-09-30,False,Q3,2010,10-Q,1979806000.0,620988000.0,379850000.0,1.24,1.23,0.235,6884288000.0,3178724000.0,2587697000.0,1322841000.0,2214486000.0,1053343000.0,-467249000.0,-463988000.0,1197944000.0,1865512000.0,38646000.0
MHP,2011-06-30,False,Q2,2011,10-Q,1580800000.0,358800000.0,211100000.0,0.7,0.68,0.25,6944000000.0,3126400000.0,2523200000.0,1300200000.0,2335800000.0,338400000.0,-213600000.0,-379000000.0,1198000000.0,1984800000.0,44600000.0
MHP,2011-03-31,False,Q1,2011,10-Q,1281900000.0,214400000.0,120000000.0,0.39,0.39,0.25,6789700000.0,2924000000.0,2380000000.0,1269600000.0,2315700000.0,49300000.0,-179000000.0,-150900000.0,1198300000.0,1985000000.0,18400000.0
MHP,2010-03-31,False,Q1,2010,10-Q,1190390000.0,190264000.0,103286000.0,0.33,0.33,0.235,6289236000.0,2774993000.0,2206367000.0,1209370000.0,1984985000.0,102824000.0,-37001000.0,-50758000.0,,1689627000.0,7623000.0
MHP,2011-09-30,False,Q3,2011,10-Q,1908000000.0,606800000.0,365600000.0,1.23,1.21,0.25,7153700000.0,3389500000.0,2760200000.0,1437600000.0,2288100000.0,1037600000.0,-366200000.0,-752900000.0,1198000000.0,2037800000.0,69600000.0
MHP,2009-12-31,False,FY,2009,10-K,5951782000.0,1255736000.0,730502000.0,2.34,2.33,0.9,6475250000.0,2936396000.0,2451954000.0,1209927000.0,1929177000.0,1320779000.0,-278692000.0,-326050000.0,,1690507000.0,68526000.0
MHP,2010-12-31,False,FY,2010,10-K,6168331000.0,1421059000.0,828063000.0,2.68,2.65,0.94,7046561000.0,3294611000.0,2680874000.0,1525596000.0,2291391000.0,1458179000.0,-597550000.0,-533409000.0,1198300000.0,1886963000.0,115443000.0
MHP,2012-03-31,False,Q1,2012,10-Q,1331000000.0,221000000.0,123000000.0,0.44,0.43,0.255,6352000000.0,2578000000.0,2858000000.0,908000000.0,1786000000.0,-25000000.0,-64000000.0,42000000.0,1198000000.0,2062000000.0,15000000.0
SPGI,2016-09-30,False,Q3,2016,10-Q,1439000000.0,1348000000.0,892000000.0,3.39,3.36,0.36,8676000000.0,3704000000.0,3051000000.0,2399000000.0,511000000.0,1171000000.0,858000000.0,-1018000000.0,891000000.0,2958000000.0,67000000.0
MHP,2012-09-30,False,Q3,2012,10-Q,1953000000.0,528000000.0,314000000.0,1.13,1.1,0.255,7943000000.0,3259000000.0,3358000000.0,1243000000.0,1862000000.0,847000000.0,-333000000.0,-227000000.0,1199000000.0,2357000000.0,79000000.0
MHP,2011-12-31,False,FY,2011,10-K,6246000000.0,1422000000.0,911000000.0,3.05,3.0,1.0,6427000000.0,2679000000.0,3130000000.0,944000000.0,1584000000.0,1344000000.0,-246000000.0,-1665000000.0,1198000000.0,2048000000.0,119000000.0
MHP,2012-12-31,False,FY,2012,10-K,4450000000.0,1211000000.0,437000000.0,1.57,1.53,1.02,7052000000.0,3899000000.0,3667000000.0,760000000.0,840000000.0,747000000.0,-247000000.0,-905000000.0,400000000.0,1438000000.0,97000000.0
MHP,2012-06-30,False,Q2,2012,10-Q,1547000000.0,365000000.0,216000000.0,0.77,0.76,0.255,7310000000.0,2640000000.0,2879000000.0,836000000.0,1730000000.0,155000000.0,-243000000.0,-15000000.0,1199000000.0,2296000000.0,42000000.0
SPGI,2016-12-31,False,FY,2016,10-K,5661000000.0,3369000000.0,2106000000.0,8.02,7.94,1.44,8669000000.0,3671000000.0,2611000000.0,2392000000.0,701000000.0,1464000000.0,1205000000.0,-1600000000.0,891000000.0,2949000000.0,115000000.0
SPGI,2017-06-30,False,Q2,2017,10-Q,1509000000.0,677000000.0,421000000.0,1.63,1.62,0.41,8791000000.0,3723000000.0,2362000000.0,2384000000.0,1073000000.0,674000000.0,-124000000.0,-618000000.0,892000000.0,2982000000.0,56000000.0
SPGI,2017-03-31,False,Q1,2017,10-Q,1453000000.0,648000000.0,399000000.0,1.54,1.53,0.41,8654000000.0,3663000000.0,2469000000.0,2411000000.0,844000000.0,353000000.0,-22000000.0,-346000000.0,891000000.0,2960000000.0,23000000.0
SPGI,2018-03-31,False,Q1,2018,10-Q,1567000000.0,711000000.0,491000000.0,1.94,1.93,0.5,8497000000.0,3284000000.0,3135000000.0,1756000000.0,68000000.0,360000000.0,-87000000.0,-1316000000.0,892000000.0,3045000000.0,33000000.0
SPGI,2017-12-31,False,FY,2017,10-K,6063000000.0,2610000000.0,1496000000.0,5.84,5.78,1.64,9425000000.0,4324000000.0,3214000000.0,2800000000.0,768000000.0,2016000000.0,-209000000.0,-1507000000.0,892000000.0,2989000000.0,123000000.0
SPGI,2018-06-30,False,Q2,2018,10-Q,1609000000.0,672000000.0,461000000.0,1.83,1.82,0.5,9217000000.0,3468000000.0,2724000000.0,1885000000.0,636000000.0,903000000.0,-305000000.0,-1404000000.0,892000000.0,3538000000.0,60000000.0
SPGI,2017-09-30,False,Q3,2017,10-Q,1513000000.0,658000000.0,414000000.0,1.62,1.61,0.41,8714000000.0,3653000000.0,2408000000.0,2312000000.0,893000000.0,1203000000.0,-155000000.0,-1211000000.0,892000000.0,2992000000.0,77000000.0
SPGI,2018-09-30,False,Q3,2018,10-Q,1546000000.0,704000000.0,495000000.0,1.97,1.95,0.5,9383000000.0,3628000000.0,2517000000.0,2158000000.0,958000000.0,1401000000.0,-346000000.0,-1579000000.0,892000000.0,3544000000.0,88000000.0
