symbol,end_date,amend,period_focus,fiscal_year,doc_type,revenues,op_income,net_income,eps_basic,eps_diluted,dividend,assets,cur_assets,cur_liab,cash,equity,cash_flow_op,cash_flow_inv,cash_flow_fin,debt,goodwill,cap_ex
SSY,2011-12-31,True,Q2,2012,10-Q,37038000.0,-569000.0,-934000.0,-0.1,-0.1,0.0,80850000.0,33163000.0,32596000.0,519000.0,22694000.0,-1023000.0,-518000.0,-5190000.0,,1392000.0,
SSY,2018-12-31,False,Q2,2019,10-Q,14223000.0,-37000.0,305000.0,0.04,0.04,0.0,25726000.0,13194000.0,5678000.0,3326000.0,16233000.0,144000.0,243000.0,-517000.0,3141000.0,,694000.0
SSY,2011-09-30,False,Q1,2012,10-Q,43053000.0,811000.0,-318000.0,-0.04,-0.04,0.0,83098000.0,34471000.0,23293000.0,408000.0,33488000.0,-1349000.0,-272000.0,-5221000.0,,2976000.0,272000.0
SSY,2011-12-31,False,Q2,2012,10-Q,41231000.0,-1347000.0,-1600000.0,-0.17,-0.17,0.0,81837000.0,33917000.0,24131000.0,519000.0,31913000.0,-1035000.0,-506000.0,-5190000.0,,2976000.0,506000.0
SSY,2012-12-31,False,Q2,2013,10-Q,27850000.0,-974000.0,3935000.0,0.42,0.42,0.0,77704000.0,37857000.0,33372000.0,7733000.0,31847000.0,120000.0,16351000.0,-10795000.0,0.0,461000.0,
SSY,2013-03-31,False,Q3,2013,10-Q,29240000.0,-268000.0,-186000.0,-0.02,-0.02,0.0,71860000.0,31948000.0,19682000.0,2559000.0,31479000.0,-4347000.0,15440000.0,-10591000.0,0.0,461000.0,
SSY,2012-09-30,False,Q1,2013,10-Q,25690000.0,-2491000.0,-1424000.0,-0.15,-0.15,0.0,70092000.0,29504000.0,21893000.0,500000.0,27888000.0,-1742000.0,7615000.0,-6580000.0,648000.0,461000.0,
SSY,2012-03-31,False,Q3,2012,10-Q,39484000.0,-308000.0,-1544000.0,-0.16,-0.16,0.0,82761000.0,36502000.0,47439000.0,879000.0,24439000.0,-656000.0,-735000.0,-4980000.0,,461000.0,
SSY,2011-09-30,True,Q1,2012,10-Q,35517000.0,-716000.0,-1555000.0,-0.18,-0.18,0.0,81433000.0,34097000.0,31759000.0,408000.0,23604000.0,-1347000.0,-274000.0,-5221000.0,,1392000.0,
SSY,2012-06-30,False,FY,2012,10-K,146674000.0,5908000.0,1081000.0,0.12,0.12,0.0,79172000.0,30618000.0,31814000.0,2057000.0,29291000.0,3082000.0,-2014000.0,-6261000.0,16086000.0,461000.0,
SSY,2013-09-30,False,Q1,2014,10-Q,25578000.0,-864000.0,-1158000.0,-0.12,-0.12,0.0,66057000.0,26707000.0,22011000.0,4190000.0,32602000.0,2386000.0,-533000.0,-160000.0,8945000.0,461000.0,373000.0
SSY,2013-06-30,False,FY,2013,10-K,108225000.0,-1095000.0,4488000.0,0.48,0.48,0.0,68003000.0,28093000.0,22246000.0,2497000.0,33743000.0,-2016000.0,13419000.0,-10963000.0,0.0,461000.0,
SSY,2014-03-31,False,Q3,2014,10-Q,27718000.0,-998000.0,-964000.0,-0.1,-0.1,0.0,66625000.0,28049000.0,23935000.0,3823000.0,31888000.0,3319000.0,-1373000.0,-620000.0,8733000.0,461000.0,1213000.0
SSY,2014-12-31,False,Q2,2015,10-Q,23126000.0,2022000.0,977000.0,0.1,0.1,0.0,59838000.0,27660000.0,12607000.0,3971000.0,33902000.0,-52000.0,5342000.0,-4906000.0,12445000.0,461000.0,737000.0
SSY,2015-12-31,False,Q2,2016,10-Q,20282000.0,-1779000.0,-9346000.0,-0.99,-0.99,0.0,45708000.0,18993000.0,17991000.0,3742000.0,22586000.0,-921000.0,-845000.0,-466000.0,11579000.0,461000.0,845000.0
SSY,2013-12-31,False,Q2,2014,10-Q,27064000.0,-188000.0,227000.0,0.02,0.02,0.0,68524000.0,29902000.0,16123000.0,4561000.0,32843000.0,3545000.0,-1011000.0,-470000.0,8841000.0,461000.0,851000.0
SSY,2014-09-30,False,Q1,2015,10-Q,25784000.0,-75000.0,-413000.0,-0.04,-0.04,0.0,63622000.0,25913000.0,16971000.0,2076000.0,32912000.0,-941000.0,-429000.0,-141000.0,8515000.0,461000.0,429000.0
SSY,2015-09-30,False,Q1,2016,10-Q,20472000.0,-1759000.0,-1668000.0,-0.18,-0.18,0.0,55294000.0,22824000.0,18260000.0,4506000.0,31922000.0,-815000.0,-478000.0,-175000.0,11870000.0,461000.0,478000.0
SSY,2015-03-31,False,Q3,2015,10-Q,23351000.0,-285000.0,-411000.0,-0.04,-0.04,0.0,57423000.0,24930000.0,10697000.0,4885000.0,33505000.0,1292000.0,5084000.0,-5078000.0,12314000.0,461000.0,995000.0
SSY,2014-06-30,False,FY,2014,10-K,105430000.0,-40000.0,-545000.0,-0.06,-0.06,0.0,63847000.0,25775000.0,16481000.0,3587000.0,33318000.0,3892000.0,-1883000.0,-919000.0,8624000.0,461000.0,1723000.0
SSY,2016-12-31,False,Q2,2017,10-Q,14255000.0,28000.0,3098000.0,0.33,0.33,0.0,40643000.0,25860000.0,7173000.0,14379000.0,25664000.0,-3914000.0,18748000.0,-3716000.0,7472000.0,461000.0,808000.0
SSY,2016-03-31,False,Q3,2016,10-Q,19975000.0,-1508000.0,-1835000.0,-0.19,-0.19,0.0,44919000.0,18410000.0,19056000.0,3889000.0,20759000.0,-291000.0,-1193000.0,-601000.0,11444000.0,461000.0,1193000.0
SSY,2016-09-30,False,Q1,2017,10-Q,13046000.0,-953000.0,3023000.0,0.32,0.32,0.0,40663000.0,24038000.0,14364000.0,12801000.0,22561000.0,-3190000.0,14376000.0,-1646000.0,9542000.0,461000.0,244000.0
SSY,2017-03-31,False,Q3,2017,10-Q,13699000.0,-771000.0,-1025000.0,-0.11,-0.11,0.0,38133000.0,23492000.0,6640000.0,11237000.0,24004000.0,-4999000.0,18465000.0,-5490000.0,7338000.0,461000.0,1097000.0
SSY,2016-06-30,False,FY,2016,10-K,63433000.0,-6523000.0,-14083000.0,-1.49,-1.49,0.0,44841000.0,17901000.0,20590000.0,3261000.0,19489000.0,-426000.0,-1430000.0,-857000.0,11188000.0,461000.0,1347000.0
SSY,2015-06-30,False,FY,2015,10-K,91833000.0,2534000.0,245000.0,0.03,0.03,0.0,57128000.0,25092000.0,10764000.0,5974000.0,33560000.0,2938000.0,4811000.0,-5362000.0,12045000.0,461000.0,1302000.0
SSY,2017-09-30,False,Q1,2018,10-Q,13363000.0,-99000.0,-277000.0,-0.03,-0.03,0.0,35402000.0,22516000.0,12658000.0,9909000.0,21422000.0,233000.0,-682000.0,-136000.0,7067000.0,,684000.0
SSY,2017-12-31,False,Q2,2018,10-Q,13878000.0,-80000.0,726000.0,0.08,0.08,0.0,28658000.0,15526000.0,5438000.0,2959000.0,19204000.0,265000.0,-1070000.0,-6730000.0,3419000.0,,1072000.0
SSY,2018-03-31,False,Q3,2018,10-Q,13417000.0,-731000.0,-588000.0,-0.08,-0.08,0.0,27791000.0,14482000.0,5285000.0,3541000.0,18587000.0,-33000.0,-1090000.0,-5830000.0,3347000.0,,1502000.0
SSY,2017-06-30,False,FY,2017,10-K,53288000.0,-4510000.0,2688000.0,0.29,0.29,0.0,35336000.0,22621000.0,12314000.0,10494000.0,21693000.0,-5610000.0,18469000.0,-5626000.0,7203000.0,0.0,1630000.0
SSY,2018-06-30,False,FY,2018,10-K,53381000.0,-1994000.0,-1593000.0,-0.19,-0.19,0.0,26176000.0,13110000.0,4851000.0,3456000.0,17186000.0,396000.0,-1436000.0,-5998000.0,3277000.0,0.0,1861000.0
SSY,2018-09-30,False,Q1,2019,10-Q,12052000.0,-758000.0,-880000.0,-0.12,-0.12,0.0,25713000.0,12591000.0,5398000.0,3393000.0,16307000.0,458000.0,-454000.0,-67000.0,3210000.0,,456000.0
