symbol,end_date,amend,period_focus,fiscal_year,doc_type,revenues,op_income,net_income,eps_basic,eps_diluted,dividend,assets,cur_assets,cur_liab,cash,equity,cash_flow_op,cash_flow_inv,cash_flow_fin,debt,goodwill,cap_ex
STKS,2018-09-30,False,Q3,2018,10-Q,19960000.0,336000.0,-305000.0,-0.01,-0.01,0.0,53767000.0,9918000.0,17113000.0,968000.0,8845000.0,3407000.0,-2598000.0,-1211000.0,,,3238000.0
CCAC,2013-06-30,False,Q2,2013,10-Q,,-116000.0,-112000.0,-0.01,-0.01,0.0,28801000.0,11000.0,1445000.0,,27356000.0,10000.0,-10000.0,28856000.0,,,
CCAC,2012-09-30,False,Q3,2012,10-Q,,-127000.0,-117000.0,-0.01,-0.01,0.0,28794000.0,22000.0,1090000.0,,27704000.0,22000.0,-22000.0,28856000.0,,,
CCAC,2012-12-31,False,FY,2012,10-K,,-423000.0,-393000.0,-0.03,-0.03,0.0,28802000.0,22000.0,1228000.0,,27574000.0,30000.0,-30000.0,28856000.0,,,
CCAC,2011-12-31,False,FY,2011,10-K,,-291000.0,-293000.0,-0.04,-0.04,0.0,28772000.0,22000.0,805000.0,-1000.0,27967000.0,-1000.0,-28750000.0,28750000.0,,,
CCAC,2012-03-31,False,Q1,2012,10-Q,,-56000.0,-55000.0,0.0,0.0,0.0,28773000.0,22000.0,861000.0,,27912000.0,1000.0,-1000.0,28856000.0,,,
CCAC,2013-03-31,False,Q1,2013,10-Q,,-112000.0,-106000.0,-0.01,-0.01,0.0,28808000.0,22000.0,1340000.0,,27468000.0,6000.0,-6000.0,28856000.0,,,
CCAC,2013-09-30,False,Q3,2013,10-Q,,-155000.0,-153000.0,-0.01,-0.01,0.0,28792000.0,22528000.0,1589000.0,,27203000.0,12000.0,-12000.0,28856000.0,,,
CCAC,2011-09-30,False,Q3,2011,10-Q,,-24000.0,-24000.0,0.0,0.0,0.0,267000.0,,396000.0,,-129000.0,138000.0,,138000.0,,,
CCAC,2014-06-30,False,Q2,2014,10-Q,12267340.0,,3013198.0,0.13,0.13,0.0,33583193.0,12420891.0,9601621.0,7119352.0,10098253.0,-2922534.0,-2215527.0,532634.0,5000.0,,2752083.0
CCAC,2014-03-31,False,Q1,2014,10-Q,10272920.0,,-721803.0,0.0,0.0,0.0,34449295.0,14699357.0,10624142.0,9239687.0,7180935.0,-865665.0,-1683220.0,87065.0,10000.0,,1678761.0
CCAC,2012-06-30,False,Q2,2012,10-Q,,-102000.0,-91000.0,-0.01,-0.01,0.0,28784000.0,22000.0,963000.0,,27821000.0,12000.0,-12000.0,28856000.0,,,
STKS,2014-12-31,False,FY,2014,10-K,49322908.0,,4630159.0,0.29,0.29,0.0,41362141.0,16547231.0,7166058.0,7905004.0,12472697.0,1912534.0,-7385517.0,1994023.0,7475000.0,,7276180.0
STKS,2014-12-31,False,FY,2014,10-K,49322908.0,,4630159.0,0.26,0.26,0.0,41362141.0,16547231.0,7166058.0,7905004.0,12472697.0,1912534.0,-7385517.0,1994023.0,7475000.0,,7276180.0
CCAC,2014-09-30,False,Q3,2014,10-Q,12390184.0,,747426.0,0.04,0.04,0.0,35748679.0,13900060.0,9958429.0,8369894.0,10815128.0,-559245.0,-4195131.0,1477299.0,0.0,,4562397.0
CCAC,2013-12-31,False,FY,2013,10-K,45984679.0,,-21469214.0,-1.14,-1.14,0.0,35196931.0,16661463.0,10487448.0,11681086.0,8226636.0,-5989892.0,-7448852.0,24014606.0,2000000.0,,1446319.0
CCAC,2015-06-30,False,Q2,2015,10-Q,14900902.0,,8390167.0,0.34,0.34,0.0,49626946.0,13382001.0,9036872.0,2848277.0,19878327.0,-101704.0,-5035531.0,311351.0,7830048.0,,5013099.0
CCAC,2015-09-30,False,Q3,2015,10-Q,15253883.0,,-2015969.0,-0.08,-0.08,0.0,51896971.0,11134253.0,10752854.0,1795847.0,17853979.0,-680011.0,-8696662.0,3531913.0,11008187.0,,9003733.0
CCAC,2015-03-31,False,Q1,2015,10-Q,11776577.0,,-1090620.0,-0.04,-0.04,0.0,41111024.0,14371904.0,6787562.0,4520794.0,11256653.0,-730484.0,-2437462.0,-79615.0,7101250.0,,2402045.0
CCAC,2016-03-31,False,Q1,2016,10-Q,16393981.0,,-456903.0,-0.02,-0.02,0.0,58873449.0,11423049.0,10836778.0,1213665.0,22969661.0,-380363.0,-3597928.0,3372866.0,12492627.0,,3703329.0
CCAC,2016-09-30,False,Q3,2016,10-Q,18379600.0,,1480861.0,0.06,0.06,0.0,66711688.0,10529233.0,13072668.0,1800000.0,23965507.0,3335852.0,-8332606.0,5098646.0,15180755.0,,8601376.0
STKS,2015-12-31,False,FY,2015,10-K,60531766.0,,6930693.0,0.28,0.28,0.0,56046310.0,11953916.0,11095109.0,1841872.0,19604974.0,2042433.0,-12651916.0,4737961.0,12636763.0,,13582852.0
CCAC,2017-06-30,False,Q2,2017,10-Q,19898503.0,,-2300447.0,-0.09,-0.09,0.0,54182216.0,9212275.0,17544987.0,1540936.0,5200795.0,4873899.0,-3924909.0,-1077188.0,16161301.0,,3924909.0
STKS,2016-12-31,False,FY,2016,10-K,72414020.0,15285790.0,-16688486.0,-0.66,-0.66,0.0,52891615.0,10094015.0,13867596.0,1597782.0,7378537.0,2102220.0,-10090743.0,8041692.0,17156033.0,,10609838.0
CCAC,2017-03-31,False,Q1,2017,10-Q,20426698.0,,-401766.0,-0.01,-0.01,0.0,54830152.0,11527236.0,16663789.0,1787850.0,6852880.0,847680.0,-1353441.0,730784.0,17276002.0,,1353441.0
STKS,2018-03-31,False,Q1,2018,10-Q,19517000.0,461000.0,231000.0,0.01,0.01,0.0,51623000.0,9192000.0,15720000.0,1143000.0,6866000.0,172000.0,294000.0,-843000.0,,,306000.0
CCAC,2016-06-30,False,Q2,2016,10-Q,17226656.0,,-1560271.0,-0.06,-0.06,0.0,60753666.0,11200271.0,12730197.0,2399001.0,21890030.0,3136450.0,-5834146.0,3274388.0,12614531.0,,6018596.0
STKS,2018-06-30,False,Q2,2018,10-Q,20311000.0,773000.0,181000.0,0.01,0.01,0.0,52320000.0,9038000.0,16267000.0,933000.0,7665000.0,2333000.0,-1326000.0,-1638000.0,,,1926000.0
CCAC,2017-09-30,False,Q3,2017,10-Q,17811372.0,,-1166074.0,-0.05,-0.05,0.0,53967042.0,9771209.0,19188050.0,1798886.0,4105966.0,5699222.0,-4114360.0,-1543967.0,15138901.0,,4114360.0
STKS,2017-12-31,False,FY,2017,10-K,79660000.0,-2658000.0,-4216000.0,-0.18,-0.18,0.0,53015000.0,9763000.0,16927000.0,1548000.0,6553000.0,5987000.0,-4334000.0,-938000.0,14063000.0,,4610000.0
