symbol,end_date,amend,period_focus,fiscal_year,doc_type,revenues,op_income,net_income,eps_basic,eps_diluted,dividend,assets,cur_assets,cur_liab,cash,equity,cash_flow_op,cash_flow_inv,cash_flow_fin,debt,goodwill,cap_ex
T,2009-12-31,False,FY,2009,10-K,123018000000.0,21492000000.0,12535000000.0,2.12,2.12,0.0,268752000000.0,24334000000.0,36705000000.0,3802000000.0,102325000000.0,34445000000.0,-17925000000.0,-14510000000.0,,73259000000.0,16595000000.0
T,2010-03-31,False,Q1,2010,10-Q,30649000000.0,6010000000.0,2475000000.0,0.42,0.42,0.42,265701000000.0,22362000000.0,36706000000.0,2617000000.0,102466000000.0,7253000000.0,-3529000000.0,-4909000000.0,,73052000000.0,3156000000.0
T,2010-09-30,False,Q3,2010,10-Q,31581000000.0,5464000000.0,12339000000.0,2.09,2.08,0.42,269252000000.0,21977000000.0,32674000000.0,3246000000.0,113293000000.0,25350000000.0,-14956000000.0,-10889000000.0,,73447000000.0,13170000000.0
T,2018-12-31,False,FY,2018,10-K,170756000000.0,26096000000.0,19370000000.0,2.85,2.85,2.01,531864000000.0,51427000000.0,64420000000.0,5204000000.0,193884000000.0,43602000000.0,-63145000000.0,-25989000000.0,3550000000.0,146370000000.0,521000000.0
T,2011-09-30,False,Q3,2011,10-Q,31478000000.0,6235000000.0,3623000000.0,0.61,0.61,0.43,277653000000.0,28605000000.0,34031000000.0,10762000000.0,113882000000.0,27150000000.0,-15025000000.0,-2800000000.0,,73590000000.0,14625000000.0
T,2012-06-30,False,Q2,2012,10-Q,31575000000.0,6817000000.0,3902000000.0,0.67,0.66,0.44,266294000000.0,19156000000.0,29702000000.0,2151000000.0,103579000000.0,17459000000.0,-8425000000.0,-10068000000.0,,69763000000.0,8742000000.0
T,2011-03-31,False,Q1,2011,10-Q,31247000000.0,5808000000.0,3408000000.0,0.57,0.57,0.43,268085000000.0,19737000000.0,33254000000.0,1391000000.0,112843000000.0,7732000000.0,-4075000000.0,-3703000000.0,,73602000000.0,4133000000.0
T,2013-06-30,False,Q2,2013,10-Q,32075000000.0,6113000000.0,3822000000.0,0.71,0.71,0.45,272093000000.0,21428000000.0,31189000000.0,4548000000.0,86315000000.0,17711000000.0,-9865000000.0,-8166000000.0,,69770000000.0,9665000000.0
T,2011-12-31,False,FY,2011,10-K,126723000000.0,9218000000.0,3944000000.0,0.66,0.66,1.73,270344000000.0,23027000000.0,30794000000.0,3185000000.0,105797000000.0,34648000000.0,-21250000000.0,-11650000000.0,64753000000.0,70842000000.0,20110000000.0
T,2011-06-30,False,Q2,2011,10-Q,31495000000.0,6165000000.0,3591000000.0,0.6,0.6,0.43,272014000000.0,22239000000.0,33537000000.0,3831000000.0,114109000000.0,16757000000.0,-9450000000.0,-4913000000.0,,73591000000.0,9405000000.0
T,2012-12-31,False,FY,2012,10-K,127434000000.0,12997000000.0,7264000000.0,1.25,1.25,1.77,272315000000.0,22706000000.0,31787000000.0,4868000000.0,92695000000.0,39176000000.0,-19680000000.0,-17673000000.0,,69773000000.0,19465000000.0
T,2012-03-31,False,Q1,2012,10-Q,31822000000.0,6101000000.0,3584000000.0,0.6,0.6,0.44,269356000000.0,20765000000.0,32520000000.0,2442000000.0,105187000000.0,7796000000.0,-4737000000.0,-3802000000.0,,70929000000.0,4261000000.0
T,2012-09-30,False,Q3,2012,10-Q,31459000000.0,6037000000.0,3635000000.0,0.63,0.63,0.44,266849000000.0,18958000000.0,30798000000.0,2217000000.0,101274000000.0,28944000000.0,-13251000000.0,-16661000000.0,,69762000000.0,13619000000.0
T,2010-12-31,False,FY,2010,10-K,124280000000.0,19573000000.0,19864000000.0,3.36,3.35,1.69,268488000000.0,19951000000.0,33951000000.0,1437000000.0,111950000000.0,34993000000.0,-21449000000.0,-15848000000.0,64515000000.0,73601000000.0,19530000000.0
T,2010-06-30,False,Q2,2010,10-Q,30808000000.0,6114000000.0,4023000000.0,0.68,0.68,0.42,267556000000.0,21392000000.0,36182000000.0,1377000000.0,103483000000.0,15810000000.0,-11303000000.0,-6871000000.0,,73484000000.0,7856000000.0
T,2013-03-31,False,Q1,2013,10-Q,31356000000.0,5940000000.0,3700000000.0,0.67,0.67,0.45,270994000000.0,20372000000.0,29786000000.0,3875000000.0,88338000000.0,8199000000.0,-5357000000.0,-3835000000.0,,69772000000.0,4252000000.0
T,2009-09-30,False,Q3,2009,10-Q,30855000000.0,5388000000.0,3192000000.0,0.54,0.54,0.41,266568000000.0,25921000000.0,33268000000.0,6167000000.0,100001000000.0,25481000000.0,-11569000000.0,-9537000000.0,,71727000000.0,11067000000.0
T,2009-06-30,False,Q2,2009,10-Q,30734000000.0,5506000000.0,3198000000.0,0.54,0.54,0.41,267918000000.0,26940000000.0,36219000000.0,7348000000.0,99012000000.0,15802000000.0,-7243000000.0,-3003000000.0,,71691000000.0,7036000000.0
T,2014-06-30,False,Q2,2014,10-Q,32575000000.0,5616000000.0,3547000000.0,0.68,0.68,0.46,293466000000.0,33112000000.0,43788000000.0,11305000000.0,92625000000.0,16869000000.0,-7701000000.0,-1202000000.0,,70094000000.0,11649000000.0
T,2014-09-30,False,Q2,2014,10-Q,,,,,,0.0,,,,,,,,,,,
T,2013-09-30,False,Q3,2013,10-Q,32158000000.0,6188000000.0,3814000000.0,0.72,0.72,0.45,274599000000.0,18435000000.0,36183000000.0,1371000000.0,86130000000.0,26879000000.0,-18660000000.0,-11716000000.0,,70014000000.0,15565000000.0
T,2014-03-31,False,FY,2014,10-Q,32476000000.0,6278000000.0,3652000000.0,0.7,0.7,0.46,285340000000.0,24089000000.0,39830000000.0,3611000000.0,91369000000.0,8799000000.0,-6082000000.0,-2445000000.0,,69720000000.0,5716000000.0
T,2015-06-30,False,Q2,2015,10-Q,33015000000.0,5712000000.0,3044000000.0,0.58,0.58,0.47,326489000000.0,43163000000.0,40527000000.0,20956000000.0,87501000000.0,15898000000.0,-27660000000.0,24115000000.0,,70920000000.0,8328000000.0
T,2015-03-31,False,Q1,2015,10-Q,32576000000.0,5456000000.0,3200000000.0,0.61,0.61,0.47,308028000000.0,27410000000.0,37651000000.0,4444000000.0,87104000000.0,6738000000.0,-21587000000.0,10690000000.0,,70341000000.0,17268000000.0
T,2014-09-30,False,Q3,2014,10-Q,32957000000.0,5402000000.0,3002000000.0,0.58,0.58,0.46,287939000000.0,25835000000.0,39979000000.0,2458000000.0,93119000000.0,25593000000.0,-14980000000.0,-11494000000.0,,70131000000.0,16829000000.0
T,2013-12-31,False,FY,2013,10-K,128752000000.0,30479000000.0,18249000000.0,3.39,3.39,1.81,277787000000.0,23196000000.0,34995000000.0,3339000000.0,91482000000.0,34796000000.0,-23124000000.0,-13201000000.0,,69273000000.0,20944000000.0
T,2016-09-30,False,Q3,2016,10-Q,40890000000.0,6408000000.0,3328000000.0,0.54,0.54,0.48,402975000000.0,37374000000.0,47102000000.0,5895000000.0,124603000000.0,29202000000.0,-18189000000.0,-10239000000.0,0.0,105271000000.0,15283000000.0
T,2016-06-30,False,Q2,2016,10-Q,40520000000.0,6560000000.0,3408000000.0,0.55,0.55,0.48,401808000000.0,36005000000.0,46465000000.0,7208000000.0,124371000000.0,18207000000.0,-10017000000.0,-6103000000.0,,105252000000.0,9702000000.0
T,2016-03-31,False,Q1,2016,10-Q,40535000000.0,7131000000.0,3803000000.0,0.62,0.61,0.48,403638000000.0,38001000000.0,44528000000.0,10008000000.0,124405000000.0,7900000000.0,-4308000000.0,1295000000.0,,104651000000.0,4451000000.0
T,2014-12-31,False,FY,2014,10-K,132447000000.0,11746000000.0,6224000000.0,1.19,1.19,1.85,292829000000.0,32028000000.0,37282000000.0,8603000000.0,86924000000.0,31338000000.0,-18337000000.0,-7737000000.0,0.0,69692000000.0,21199000000.0
T,2017-03-31,False,Q1,2017,10-Q,39365000000.0,6864000000.0,3469000000.0,0.56,0.56,0.49,411903000000.0,45727000000.0,50690000000.0,14884000000.0,124981000000.0,9218000000.0,-6171000000.0,6049000000.0,,105593000000.0,5784000000.0
T,2015-09-30,False,Q3,2015,10-Q,39091000000.0,5923000000.0,2994000000.0,0.5,0.5,0.47,399989000000.0,34951000000.0,47938000000.0,6202000000.0,122789000000.0,26695000000.0,-43047000000.0,13951000000.0,,105966000000.0,13356000000.0
T,2017-09-30,False,Q3,2017,10-Q,39668000000.0,6403000000.0,3029000000.0,0.49,0.49,0.49,443865000000.0,76357000000.0,47693000000.0,48499000000.0,126109000000.0,29274000000.0,-15266000000.0,28703000000.0,,105668000000.0,15756000000.0
T,2015-12-31,False,FY,2015,10-K,146801000000.0,24785000000.0,13345000000.0,2.37,2.37,1.89,402672000000.0,35992000000.0,47816000000.0,5121000000.0,123640000000.0,35880000000.0,-49144000000.0,9782000000.0,17787000000.0,104568000000.0,19218000000.0
T,2016-12-31,False,FY,2016,10-K,163786000000.0,24347000000.0,12976000000.0,2.1,2.1,1.93,403821000000.0,38369000000.0,50576000000.0,5788000000.0,124110000000.0,39344000000.0,-24215000000.0,-14462000000.0,0.0,105207000000.0,21516000000.0
T,2018-03-31,False,Q1,2018,10-Q,38038000000.0,6201000000.0,4662000000.0,0.75,0.75,0.5,446343000000.0,78505000000.0,70580000000.0,48872000000.0,147076000000.0,8947000000.0,-7152000000.0,-3502000000.0,,105482000000.0,5957000000.0
T,2017-12-31,False,FY,2017,10-K,160546000000.0,20949000000.0,29450000000.0,4.77,4.76,1.97,444097000000.0,79146000000.0,81389000000.0,50498000000.0,142007000000.0,39151000000.0,-20371000000.0,25930000000.0,0.0,105449000000.0,20647000000.0
T,2017-06-30,False,Q2,2017,10-Q,39837000000.0,7323000000.0,3915000000.0,0.63,0.63,0.49,420795000000.0,53547000000.0,48012000000.0,25617000000.0,125858000000.0,18160000000.0,-9948000000.0,11617000000.0,,105546000000.0,10750000000.0
T,2018-06-30,False,Q2,2018,10-Q,38986000000.0,6466000000.0,5132000000.0,0.81,0.81,0.5,534691000000.0,55286000000.0,68593000000.0,13523000000.0,184130000000.0,19176000000.0,-52635000000.0,-3720000000.0,190167000000.0,142607000000.0,10959000000.0
T,2018-09-30,False,Q3,2018,10-Q,45739000000.0,7269000000.0,4718000000.0,0.65,0.65,0.5,534870000000.0,53107000000.0,65420000000.0,8657000000.0,184971000000.0,31522000000.0,-59987000000.0,-13679000000.0,183418000000.0,146475000000.0,16695000000.0
