symbol,end_date,amend,period_focus,fiscal_year,doc_type,revenues,op_income,net_income,eps_basic,eps_diluted,dividend,assets,cur_assets,cur_liab,cash,equity,cash_flow_op,cash_flow_inv,cash_flow_fin,debt,goodwill,cap_ex
TA,2018-12-31,False,FY,2018,10-K,6231437000.0,26716000.0,-120553000.0,-0.07,-0.07,0.0,1442108000.0,643676000.0,288691000.0,314387000.0,450392000.0,81606000.0,199299000.0,-2402000.0,320528000.0,25259000.0,5202000.0
TA,2013-09-30,False,Q3,2013,10-Q,2062096000.0,20938000.0,14824000.0,0.53,0.53,0.0,1209154000.0,527028000.0,348362000.0,126862000.0,375045000.0,77862000.0,-92065000.0,105889000.0,,5077000.0,125671000.0
TA,2013-03-31,False,Q1,2013,10-Q,1957351000.0,-8460000.0,-12139000.0,-0.41,-0.41,0.0,1185031000.0,553562000.0,354576000.0,135964000.0,341933000.0,15281000.0,-19486000.0,104989000.0,,22364000.0,32535000.0
TA,2012-06-30,False,Q2,2012,10-Q,2041507000.0,32017000.0,28137000.0,1.04,1.04,0.0,1085611000.0,512273000.0,344831000.0,129386000.0,335355000.0,80300000.0,-68046000.0,-1120000.0,,,68392000.0
TA,2012-03-31,False,Q1,2012,10-Q,1994869000.0,-11309000.0,-14185000.0,-0.49,-0.49,0.0,1032623000.0,492615000.0,319648000.0,94937000.0,305072000.0,4471000.0,-27231000.0,-571000.0,,,34777000.0
TA,2012-12-31,False,FY,2012,10-K,7995724000.0,41470000.0,30347000.0,1.12,1.12,0.0,1018281000.0,393488000.0,283127000.0,35189000.0,353434000.0,83072000.0,-172474000.0,6322000.0,,1690000.0,188694000.0
TA,2012-09-30,False,Q3,2012,10-Q,2034153000.0,20933000.0,17901000.0,0.66,0.66,0.0,1129888000.0,527350000.0,373549000.0,101610000.0,355069000.0,89274000.0,-104284000.0,-1663000.0,,20139000.0,111573000.0
TA,2011-12-31,False,FY,2011,10-K,7888857000.0,32400000.0,23574000.0,0.98,0.98,0.0,1016531000.0,484250000.0,287748000.0,118255000.0,318601000.0,30141000.0,-86798000.0,49547000.0,,,124851000.0
TA,2013-06-30,False,Q2,2013,10-Q,2018754000.0,19971000.0,14992000.0,0.54,0.54,0.0,1230083000.0,562654000.0,384022000.0,135091000.0,358732000.0,63021000.0,-68857000.0,105764000.0,,24571000.0,84703000.0
TA,2015-06-30,False,Q2,2015,10-Q,1582883000.0,21974000.0,3583000.0,0.27,0.27,0.0,1577406000.0,743887000.0,348703000.0,370883000.0,540758000.0,100250000.0,91998000.0,-45596000.0,,3568000.0,3477000.0
TA,2015-03-31,False,Q1,2015,10-Q,1407701000.0,32170000.0,14935000.0,0.41,0.41,0.0,1491564000.0,576967000.0,307289000.0,218151000.0,535317000.0,56933000.0,-62886000.0,-138000.0,230000000.0,57234000.0,40864000.0
TA,2014-03-31,False,Q1,2014,10-Q,1967309000.0,4865000.0,187000.0,0.01,0.01,0.0,1299832000.0,511474000.0,346990000.0,82348000.0,454648000.0,11407000.0,-14375000.0,-332000.0,,48475000.0,17010000.0
TA,2014-06-30,False,Q2,2014,10-Q,2076109000.0,26939000.0,12968000.0,0.36,0.36,0.0,1332896000.0,532671000.0,365047000.0,105394000.0,469713000.0,63559000.0,-42928000.0,-896000.0,,48066000.0,60608000.0
TA,2014-09-30,False,Q3,2014,10-Q,2009217000.0,25324000.0,12172000.0,0.34,0.34,0.0,1334631000.0,516038000.0,349495000.0,126900000.0,483146000.0,122816000.0,-80609000.0,-957000.0,,54969000.0,95435000.0
TA,2013-12-31,False,FY,2013,10-K,7944731000.0,21190000.0,29666000.0,1.06,1.06,0.0,1257282000.0,470394000.0,303613000.0,85657000.0,453877000.0,71513000.0,-196039000.0,175027000.0,,24940000.0,164242000.0
TA,2014-12-31,False,FY,2014,10-K,7778633000.0,113640000.0,57983000.0,1.62,1.62,0.0,1425174000.0,562532000.0,267138000.0,224275000.0,518610000.0,161125000.0,-134418000.0,111941000.0,230000000.0,32271000.0,28695000.0
TA,2011-06-30,False,Q2,2011,10-Q,2094957000.0,24066000.0,21667000.0,0.99,0.99,0.0,1021728000.0,515147000.0,310299000.0,136811000.0,310774000.0,-6932000.0,-33789000.0,52112000.0,,,38516000.0
TA,2015-09-30,False,Q3,2015,10-Q,1508993000.0,21444000.0,9332000.0,0.25,0.25,0.0,1628347000.0,599193000.0,361592000.0,228625000.0,550934000.0,140661000.0,-91095000.0,-45134000.0,,26687000.0,3477000.0
TA,2016-03-31,False,Q1,2016,10-Q,1164450000.0,-8778000.0,-9944000.0,-0.26,-0.26,0.0,1637970000.0,465576000.0,330908000.0,129604000.0,540670000.0,11470000.0,-53841000.0,-142000.0,,110743000.0,56479000.0
TA,2011-09-30,False,Q3,2011,10-Q,2087285000.0,22539000.0,20658000.0,0.74,0.74,0.0,1026150000.0,504119000.0,293498000.0,130541000.0,331261000.0,12594000.0,-59193000.0,51809000.0,,,73643000.0
TA,2017-09-30,False,Q3,2017,10-Q,1575677000.0,13112000.0,59085000.0,1.58,1.58,0.0,1690673000.0,454785000.0,377053000.0,74652000.0,586986000.0,46427000.0,-35005000.0,1685000.0,,94059000.0,98780000.0
TA,2015-12-31,False,FY,2015,10-K,5850633000.0,78297000.0,26333000.0,0.72,0.72,0.0,1635094000.0,495340000.0,295622000.0,172087000.0,549319000.0,136888000.0,-237477000.0,48495000.0,330000000.0,79768000.0,295437000.0
TA,2016-09-30,False,Q3,2016,10-Q,1477603000.0,23129000.0,10364000.0,0.28,0.28,0.0,1718877000.0,489634000.0,377968000.0,137288000.0,559071000.0,109107000.0,-143605000.0,-326000.0,,7219000.0,229217000.0
TA,2016-06-30,False,Q2,2016,10-Q,1445065000.0,12311000.0,3347000.0,0.09,0.09,0.0,1699858000.0,496717000.0,373613000.0,133799000.0,547075000.0,56296000.0,-94414000.0,-206000.0,,7219000.0,143374000.0
TA,2017-06-30,False,Q2,2017,10-Q,1498668000.0,1630000.0,-3013000.0,-0.08,-0.08,0.0,1624693000.0,415465000.0,342957000.0,76625000.0,523314000.0,15136000.0,-1408000.0,1478000.0,,89698000.0,68346000.0
TA,2016-12-31,False,FY,2016,10-K,5511405000.0,22060000.0,-2018000.0,-0.05,-0.05,0.0,1659841000.0,402061000.0,330332000.0,61312000.0,553079000.0,110777000.0,-220038000.0,-1035000.0,318739000.0,88542000.0,329997000.0
TA,2018-03-31,False,Q1,2018,10-Q,1584687000.0,-5831000.0,-10112000.0,-0.25,-0.25,0.0,1643365000.0,437965000.0,364249000.0,52139000.0,558280000.0,28197000.0,-12153000.0,83000.0,,93859000.0,24945000.0
TA,2017-03-31,False,Q1,2017,10-Q,1390766000.0,-41470000.0,-29424000.0,-0.74,-0.74,0.0,1618760000.0,373161000.0,333393000.0,37646000.0,525001000.0,-10743000.0,-13352000.0,398000.0,,89698000.0,30066000.0
TA,2017-12-31,False,FY,2017,10-K,6051593000.0,-45924000.0,8781000.0,0.23,0.23,0.0,1617854000.0,398518000.0,327110000.0,36082000.0,567299000.0,35674000.0,-61885000.0,841000.0,319634000.0,93859000.0,145401000.0
TA,2018-06-30,False,Q2,2018,10-Q,1840685000.0,-35196000.0,-33978000.0,-0.85,-0.85,0.0,1640913000.0,483286000.0,397313000.0,78189000.0,526367000.0,82033000.0,-39662000.0,-141000.0,,43099000.0,68148000.0
TA,2018-09-30,False,Q3,2018,10-Q,1659397000.0,10417000.0,-70514000.0,0.04,0.04,0.0,1591939000.0,815278000.0,431289000.0,85519000.0,456013000.0,122830000.0,-71382000.0,-1382000.0,,48681000.0,5202000.0
