symbol,end_date,amend,period_focus,fiscal_year,doc_type,revenues,op_income,net_income,eps_basic,eps_diluted,dividend,assets,cur_assets,cur_liab,cash,equity,cash_flow_op,cash_flow_inv,cash_flow_fin,debt,goodwill,cap_ex
THFF,2011-09-30,False,Q3,2011,10-Q,38060000.0,,9814000.0,0.75,0.75,0.47,2511295000.0,,,57246000.0,356575000.0,27375000.0,-45214000.0,16574000.0,,7102000.0,374000.0
THFF,2012-03-31,False,Q1,2012,10-Q,40660000.0,,7443000.0,0.56,0.56,0.0,2922220000.0,,,62977000.0,354937000.0,22732000.0,-57516000.0,-36519000.0,,36897000.0,1354000.0
THFF,2011-06-30,False,Q2,2011,10-Q,37381000.0,,8417000.0,0.64,0.64,0.47,2501952000.0,,,59958000.0,342665000.0,22277000.0,-38381000.0,17551000.0,,7102000.0,953000.0
THFF,2011-12-31,False,FY,2011,10-K,149681000.0,,37195000.0,2.83,2.83,0.94,2954061000.0,,,134280000.0,346961000.0,40581000.0,4465000.0,30723000.0,,36897000.0,1476000.0
FSFG,2013-03-31,False,Q1,2013,10-Q,38819000.0,,7693000.0,0.58,0.58,0.0,2964952000.0,,,78399000.0,378383000.0,15962000.0,-86049000.0,61256000.0,,37612000.0,692000.0
FSFG,2012-12-31,False,FY,2012,10-K,161852000.0,,32812000.0,2.48,2.48,0.95,2895408000.0,,,87230000.0,372122000.0,17628000.0,1426000.0,-18621000.0,119705.0,37612000.0,10945000.0
THFF,2012-09-30,False,Q3,2012,10-Q,40116000.0,,8091000.0,0.61,0.61,0.0,2879241000.0,,,63638000.0,368761000.0,39584000.0,-5741000.0,-104485000.0,,37612000.0,7318000.0
THFF,2013-06-30,False,Q2,2013,10-Q,37968000.0,,6446000.0,0.48,0.48,0.48,2960517000.0,,,73720000.0,368402000.0,25029000.0,-113519000.0,74980000.0,,37612000.0,1280000.0
THFF,2018-12-31,False,FY,2018,10-K,164430000.0,,46583000.0,3.8,3.8,1.02,3008718000.0,,,74388000.0,442701000.0,13031000.0,0.0,-12887000.0,0.0,34355000.0,2013000.0
THFF,2012-06-30,False,Q2,2012,10-Q,40891000.0,,8705000.0,0.66,0.66,0.47,2891738000.0,,,84669000.0,358287000.0,28278000.0,3269000.0,-81158000.0,,37612000.0,6518000.0
THFF,2013-09-30,False,Q3,2013,10-Q,39356000.0,,8472000.0,0.64,0.64,0.0,3017469000.0,,,80899000.0,375077000.0,37385000.0,21954000.0,-65670000.0,,39489000.0,1850000.0
THFF,2014-03-31,False,Q1,2014,10-Q,38935000.0,,7831000.0,0.59,0.59,0.0,3032542000.0,,,83988000.0,399329000.0,13699000.0,1830000.0,-2574000.0,,39489000.0,273000.0
THFF,2016-03-31,False,Q1,2016,10-Q,49567000.0,,13675000.0,1.08,1.08,0.0,2939240000.0,,,66125000.0,411912000.0,13091000.0,31968000.0,-67629000.0,,34355000.0,966000.0
THFF,2015-09-30,False,Q3,2015,10-Q,37554000.0,,8398000.0,0.65,0.65,0.49,2942833000.0,,,63278000.0,408591000.0,33648000.0,35611000.0,-84083000.0,,39489000.0,2562000.0
THFF,2014-06-30,False,Q2,2014,10-Q,37680000.0,,8488000.0,0.63,0.63,0.49,3033923000.0,,,84774000.0,405746000.0,24125000.0,3554000.0,-13938000.0,,39489000.0,2701000.0
THFF,2014-09-30,False,Q3,2014,10-Q,38870000.0,,8272000.0,0.62,0.62,0.0,3056767000.0,,,96998000.0,403873000.0,38560000.0,-8964000.0,-3631000.0,,39489000.0,4870000.0
THFF,2014-12-31,False,FY,2014,10-K,154143000.0,,33772000.0,2.55,2.55,0.98,3002485000.0,,,78102000.0,394214000.0,27866000.0,-1299000.0,-27582000.0,12886000.0,39489000.0,5296000.0
THFF,2015-03-31,False,Q1,2015,10-Q,37139000.0,,7761000.0,0.6,0.6,0.0,2995836000.0,,,88492000.0,409027000.0,13374000.0,16742000.0,-19726000.0,,39489000.0,387000.0
THFF,2016-06-30,False,Q2,2016,10-Q,35364000.0,,8232000.0,0.68,0.68,0.0,2958016000.0,,,55438000.0,413224000.0,11910000.0,1558000.0,-46725000.0,,34355000.0,996000.0
THFF,2017-03-31,False,Q1,2017,10-Q,38895000.0,,9369000.0,0.77,0.77,0.0,2957285000.0,,,50522000.0,426808000.0,10432000.0,7373000.0,-42295000.0,,34355000.0,345000.0
THFF,2015-12-31,False,FY,2015,10-K,7600000.0,,30196000.0,2.35,2.35,0.98,2979585000.0,,,88695000.0,410316000.0,19538000.0,-65000.0,-21330000.0,12677000.0,39489000.0,3393000.0
THFF,2015-06-30,False,Q2,2015,10-Q,36755000.0,,6923000.0,0.54,0.54,0.49,2973821000.0,,,60613000.0,399058000.0,20262000.0,-3179000.0,-34572000.0,,39489000.0,924000.0
THFF,2017-09-30,False,Q3,2017,10-Q,37345000.0,,8794000.0,0.72,0.72,0.0,2982342000.0,,,61003000.0,443558000.0,35830000.0,-4389000.0,-45450000.0,,34355000.0,1036000.0
THFF,2016-12-31,False,FY,2016,10-K,156311000.0,,38413000.0,3.12,3.12,1.0,2988527000.0,,,75012000.0,414395000.0,32738000.0,0.0,-31755000.0,132000.0,34355000.0,3049000.0
THFF,2016-09-30,False,Q3,2016,10-Q,35373000.0,,8162000.0,0.67,0.67,0.0,3019323000.0,,,67396000.0,422374000.0,27413000.0,-48997000.0,285000.0,,34355000.0,2358000.0
THFF,2017-06-30,False,Q2,2017,10-Q,36241000.0,,8352000.0,0.68,0.68,0.0,2974688000.0,,,55379000.0,434454000.0,17019000.0,-126000.0,-36526000.0,,34355000.0,1078000.0
THFF,2017-12-31,False,FY,2017,10-K,150133000.0,,29131000.0,2.38,2.38,2.51,3000668000.0,,,74107000.0,413569000.0,31492000.0,0.0,-31059000.0,0.0,34355000.0,2979000.0
THFF,2018-06-30,False,Q1,2018,10-Q,45864000.0,,15261000.0,1.25,1.25,0.0,2968048000.0,,,50081000.0,419695000.0,22480000.0,-5604000.0,-40902000.0,,34355000.0,976000.0
THFF,2018-03-31,False,Q1,2018,10-Q,37480000.0,,8953000.0,0.73,0.73,0.0,2956653000.0,,,41156000.0,414900000.0,9030000.0,-5272000.0,-36709000.0,,34355000.0,432000.0
THFF,2013-12-31,False,FY,2013,10-K,156676000.0,,31534000.0,2.37,2.37,0.96,3018718000.0,,,71033000.0,386195000.0,7704000.0,735000.0,-12766000.0,58288000.0,39489000.0,2522000.0
THFF,2018-09-30,False,Q3,2018,10-Q,40284000.0,,11313000.0,0.92,0.92,0.0,2980935000.0,,,50018000.0,427774000.0,41521000.0,-37125000.0,-28485000.0,,34355000.0,1519000.0
