symbol,end_date,amend,period_focus,fiscal_year,doc_type,revenues,op_income,net_income,eps_basic,eps_diluted,dividend,assets,cur_assets,cur_liab,cash,equity,cash_flow_op,cash_flow_inv,cash_flow_fin,debt,goodwill,cap_ex
TMUS,2018-12-31,False,FY,2018,10-K,43310000000.0,5309000000.0,2888000000.0,3.4,3.36,0.0,72468000000.0,8281000000.0,10267000000.0,1203000000.0,24718000000.0,3899000000.0,-579000000.0,-3336000000.0,27547000000.0,1901000000.0,5541000000.0
TMUS,2014-09-30,False,Q3,2014,10-Q,7350000000.0,49000000.0,-94000000.0,-0.12,-0.12,0.0,55115000000.0,13295000000.0,8605000000.0,5787000000.0,14525000000.0,2791000000.0,-5440000000.0,2545000000.0,,1683000000.0,3018000000.0
TMUS,2015-03-31,False,Q1,2015,10-Q,7778000000.0,117000000.0,-77000000.0,-0.09,-0.09,0.0,56558000000.0,11635000000.0,8649000000.0,3032000000.0,15650000000.0,489000000.0,-2692000000.0,-80000000.0,,1683000000.0,982000000.0
TMUS,2015-09-30,False,Q3,2015,10-Q,7849000000.0,513000000.0,125000000.0,0.15,0.15,0.0,58473000000.0,12656000000.0,8843000000.0,2633000000.0,16252000000.0,3181000000.0,-5238000000.0,-625000000.0,1300000000.0,1683000000.0,3293000000.0
TMUS,2014-03-31,False,Q1,2014,10-Q,6875000000.0,-28000000.0,-151000000.0,-0.19,-0.19,0.0,50169000000.0,12957000000.0,6110000000.0,5471000000.0,14156000000.0,759000000.0,-965000000.0,-214000000.0,,1683000000.0,947000000.0
TMUS,2016-03-31,False,Q1,2016,10-Q,8599000000.0,1103000000.0,465000000.0,0.57,0.56,0.0,63063000000.0,13344000000.0,9369000000.0,3647000000.0,17104000000.0,1025000000.0,-1860000000.0,-100000000.0,,1683000000.0,1335000000.0
TMUS,2014-06-30,False,Q2,2014,10-Q,7185000000.0,962000000.0,391000000.0,0.49,0.48,0.0,51664000000.0,9896000000.0,7131000000.0,3080000000.0,14563000000.0,1729000000.0,-4275000000.0,-265000000.0,,1683000000.0,1887000000.0
TMUS,2016-09-30,False,Q3,2016,10-Q,9246000000.0,989000000.0,353000000.0,0.43,0.42,0.0,64272000000.0,13530000000.0,8119000000.0,5352000000.0,17853000000.0,1740000000.0,-1859000000.0,-67000000.0,,1683000000.0,3843000000.0
TMUS,2014-12-31,False,FY,2014,10-K,29564000000.0,1416000000.0,247000000.0,0.31,0.3,0.0,56653000000.0,13984000000.0,8776000000.0,5315000000.0,15663000000.0,4146000000.0,-7246000000.0,2524000000.0,21960000000.0,1683000000.0,4317000000.0
TMUS,2016-06-30,False,Q2,2016,10-Q,9222000000.0,768000000.0,211000000.0,0.26,0.25,0.0,63968000000.0,14280000000.0,8752000000.0,5538000000.0,17395000000.0,1768000000.0,-667000000.0,790000000.0,,1683000000.0,2684000000.0
TMUS,2015-06-30,False,Q2,2015,10-Q,8179000000.0,597000000.0,347000000.0,0.43,0.42,0.0,57188000000.0,11657000000.0,8264000000.0,2642000000.0,16053000000.0,1650000000.0,-4029000000.0,-294000000.0,1300000000.0,1683000000.0,2173000000.0
TMUS,2015-12-31,False,FY,2015,10-K,32053000000.0,2065000000.0,678000000.0,0.83,0.82,0.0,62436000000.0,14890000000.0,9528000000.0,4582000000.0,16557000000.0,5414000000.0,-9560000000.0,3413000000.0,26266000000.0,1683000000.0,4724000000.0
TMUS,2017-09-30,False,Q3,2017,10-Q,10019000000.0,1323000000.0,537000000.0,0.65,0.63,0.0,67923000000.0,7449000000.0,8103000000.0,739000000.0,20277000000.0,2362000000.0,-1455000000.0,-349000000.0,28307000000.0,1683000000.0,4316000000.0
TMUS,2017-06-30,False,Q2,2017,10-Q,10213000000.0,1416000000.0,567000000.0,0.68,0.67,0.0,67159000000.0,6780000000.0,8828000000.0,181000000.0,19614000000.0,1829000000.0,-7133000000.0,-2016000000.0,28494000000.0,1683000000.0,2875000000.0
TMUS,2017-03-31,False,Q1,2017,10-Q,9613000000.0,1037000000.0,684000000.0,0.83,0.8,0.0,68048000000.0,15899000000.0,15285000000.0,7501000000.0,18963000000.0,1713000000.0,-1550000000.0,1838000000.0,30247000000.0,1683000000.0,1528000000.0
TMUS,2016-12-31,False,FY,2016,10-K,37242000000.0,3802000000.0,1405000000.0,1.71,1.69,0.0,65891000000.0,14217000000.0,9022000000.0,5500000000.0,18236000000.0,6135000000.0,-5680000000.0,463000000.0,27786000000.0,1683000000.0,4702000000.0
PCS,2010-06-30,False,Q2,2010,10-Q,1012536000.0,198412000.0,79915000.0,0.22,0.22,0.0,7479122000.0,1487525000.0,677574000.0,776540000.0,2416544000.0,337451000.0,-402471000.0,-87821000.0,,,315337000.0
PCS,2010-12-31,False,FY,2010,10-K,4069353000.0,718898000.0,193415000.0,0.54,0.54,0.0,7918580000.0,1593885000.0,802420000.0,796531000.0,2541576000.0,994500000.0,-950418000.0,-176932000.0,,,790385000.0
PCS,2010-09-30,False,Q3,2010,10-Q,1020789000.0,207934000.0,77287000.0,0.22,0.22,0.0,8320613000.0,2245754000.0,689008000.0,889784000.0,2506665000.0,679391000.0,-1269649000.0,550661000.0,,,547943000.0
PCS,2011-06-30,False,Q2,2011,10-Q,1209453000.0,210255000.0,84335000.0,0.23,0.23,0.0,9101027000.0,2568302000.0,725673000.0,1855994000.0,2749718000.0,482100000.0,-404265000.0,981628000.0,4746928000.0,,451573000.0
PCS,2011-09-30,False,Q3,2011,10-Q,1205388000.0,176831000.0,69326000.0,0.19,0.19,0.0,9279601000.0,2549818000.0,779338000.0,1840761000.0,2825470000.0,753660000.0,-700008000.0,990578000.0,4743852000.0,,699625000.0
PCS,2011-03-31,False,Q1,2011,10-Q,1194377000.0,145337000.0,56378000.0,0.16,0.15,0.0,8648307000.0,2229510000.0,903724000.0,1321550000.0,2632553000.0,138313000.0,-168736000.0,555442000.0,,,187032000.0
PCS,2012-06-30,False,Q2,2012,10-Q,1281180000.0,311948000.0,148835000.0,0.41,0.41,0.0,9729632000.0,2895800000.0,741878000.0,1901168000.0,3116290000.0,456570000.0,-510329000.0,11645000.0,4761740000.0,,326215000.0
PCS,2013-03-31,False,Q1,2013,10-Q,1287061000.0,107828000.0,19396000.0,0.05,0.05,0.0,13662546000.0,6772704000.0,3189125000.0,2701281000.0,3391941000.0,223451000.0,-3369937000.0,3479465000.0,8257410000.0,,154608000.0
PCS,2012-03-31,False,Q1,2012,10-Q,1276590000.0,98267000.0,21004000.0,0.06,0.06,0.0,9509207000.0,2767350000.0,778033000.0,1886238000.0,2957776000.0,136904000.0,-182890000.0,-11058000.0,4760687000.0,,144016000.0
TMUS,2013-09-30,False,Q3,2013,10-Q,6688000000.0,297000000.0,-36000000.0,-0.05,-0.05,0.0,45767000000.0,7964000000.0,5514000000.0,2365000000.0,12415000000.0,2541000000.0,-868000000.0,298000000.0,6778000000.0,1683000000.0,3143000000.0
PCS,2011-12-31,False,FY,2011,10-K,4847382000.0,747538000.0,301310000.0,0.83,0.82,0.0,9482931000.0,2743593000.0,816723000.0,1943282000.0,2927600000.0,1061808000.0,-886871000.0,971814000.0,4744481000.0,,889769000.0
TMUS,2013-12-31,False,FY,2013,10-K,24420000000.0,996000000.0,35000000.0,0.05,0.05,0.0,49953000000.0,12228000000.0,5808000000.0,5891000000.0,14245000000.0,3545000000.0,-2092000000.0,4044000000.0,1750000000.0,1683000000.0,4025000000.0
PCS,2012-09-30,False,Q3,2012,10-Q,1259160000.0,292238000.0,192667000.0,0.53,0.52,0.0,10071909000.0,3184822000.0,784650000.0,2057339000.0,3322447000.0,848468000.0,-717750000.0,-16661000.0,4767286000.0,,588332000.0
TMUS,2013-06-30,False,Q2,2013,10-Q,6228000000.0,181000000.0,-16000000.0,-0.02,-0.02,0.0,44734000000.0,7313000000.0,5398000000.0,2362000000.0,12359000000.0,1715000000.0,262000000.0,-9000000.0,6293000000.0,1683000000.0,2126000000.0
PCS,2012-12-31,False,FY,2012,10-K,5101278000.0,823969000.0,394172000.0,1.08,1.07,0.0,10189415000.0,3187303000.0,847803000.0,2368302000.0,3358907000.0,1181451000.0,-723430000.0,-33001000.0,4760752000.0,,845850000.0
TMUS,2018-06-30,False,Q2,2018,10-Q,10571000000.0,1450000000.0,782000000.0,0.92,0.92,0.0,69692000000.0,7091000000.0,9281000000.0,215000000.0,23390000000.0,1261000000.0,-306000000.0,-3267000000.0,27970000000.0,1901000000.0,2995000000.0
TMUS,2017-12-31,False,FY,2017,10-K,40604000000.0,4888000000.0,4481000000.0,5.39,5.2,0.0,70563000000.0,8915000000.0,11515000000.0,1219000000.0,22559000000.0,7962000000.0,-11064000000.0,-1179000000.0,28319000000.0,1683000000.0,5237000000.0
TMUS,2018-03-31,False,Q1,2018,10-Q,10455000000.0,1282000000.0,671000000.0,0.78,0.78,0.0,72004000000.0,9609000000.0,12357000000.0,2527000000.0,22876000000.0,770000000.0,-462000000.0,1000000000.0,30478000000.0,1901000000.0,1366000000.0
TMUS,2018-09-30,False,Q3,2018,10-Q,10839000000.0,1440000000.0,795000000.0,0.94,0.93,0.0,70182000000.0,7286000000.0,8572000000.0,329000000.0,24355000000.0,914000000.0,-42000000.0,-758000000.0,27357000000.0,1901000000.0,4357000000.0
