symbol,end_date,amend,period_focus,fiscal_year,doc_type,revenues,op_income,net_income,eps_basic,eps_diluted,dividend,assets,cur_assets,cur_liab,cash,equity,cash_flow_op,cash_flow_inv,cash_flow_fin,debt,goodwill,cap_ex
TRNS,2011-06-25,False,Q1,2012,10-Q,25605000.0,570000.0,325000.0,0.04,0.04,0.0,42965000.0,23144000.0,11646000.0,42000.0,23989000.0,-565000.0,-735000.0,1308000.0,,11745000.0,610000.0
TRNS,2018-12-29,False,Q3,2019,10-Q,40868000.0,2394000.0,1569000.0,0.22,0.21,0.0,102017000.0,41689000.0,19308000.0,820000.0,56518000.0,7246000.0,-9174000.0,1750000.0,12500000.0,34419000.0,5452000.0
TRNS,2011-09-24,False,Q2,2012,10-Q,25183000.0,1241000.0,746000.0,0.1,0.1,0.0,44961000.0,22537000.0,10936000.0,67000.0,25032000.0,892000.0,-4022000.0,3158000.0,,13381000.0,900000.0
TRNS,2012-03-31,False,FY,2012,10-K,110020000.0,5428000.0,3302000.0,0.45,0.43,0.0,44977000.0,23178000.0,13053000.0,32000.0,27378000.0,6259000.0,-4513000.0,-1751000.0,,13390000.0,1391000.0
TRNS,2011-12-24,False,Q3,2012,10-Q,28460000.0,1653000.0,1024000.0,0.14,0.13,0.0,47936000.0,25829000.0,14066000.0,57000.0,26151000.0,2535000.0,-4355000.0,1835000.0,,13383000.0,1233000.0
TRNS,2012-06-30,False,Q1,2013,10-Q,25097000.0,594000.0,361000.0,0.05,0.05,0.0,44377000.0,22138000.0,9340000.0,44000.0,27803000.0,-2094000.0,-453000.0,2553000.0,,13384000.0,453000.0
TRNS,2012-09-29,False,Q2,2013,10-Q,26788000.0,1180000.0,745000.0,0.1,0.1,0.0,48880000.0,23575000.0,11481000.0,194000.0,28695000.0,654000.0,-4475000.0,3987000.0,,15298000.0,1346000.0
TRNS,2012-12-29,False,Q3,2013,10-Q,29324000.0,1221000.0,782000.0,0.11,0.1,0.0,50341000.0,24638000.0,12589000.0,459000.0,29572000.0,2350000.0,-5318000.0,3395000.0,,15294000.0,2189000.0
TRNS,2013-03-30,False,FY,2013,10-K,112296000.0,5946000.0,3704000.0,0.5,0.49,0.0,55047000.0,25818000.0,13327000.0,406000.0,31650000.0,5241000.0,-9686000.0,4772000.0,,17592000.0,2657000.0
TRNS,2013-09-28,False,Q2,2014,10-Q,28882000.0,1281000.0,771000.0,0.1,0.1,0.0,55848000.0,27471000.0,12102000.0,409000.0,32765000.0,234000.0,-313000.0,32000.0,,17559000.0,553000.0
TRNS,2013-06-29,False,Q1,2014,10-Q,28710000.0,1152000.0,721000.0,0.1,0.09,0.0,53689000.0,24996000.0,10363000.0,577000.0,32537000.0,-505000.0,-136000.0,689000.0,,17508000.0,354000.0
TRNS,2014-06-28,False,Q1,2015,10-Q,29119000.0,759000.0,445000.0,0.07,0.06,0.0,54568000.0,25784000.0,10321000.0,168000.0,30852000.0,-2414000.0,-703000.0,3387000.0,10800000.0,17473000.0,711000.0
TRNS,2014-03-29,False,FY,2014,10-K,118508000.0,6705000.0,3984000.0,0.56,0.54,0.0,53874000.0,25531000.0,13857000.0,23000.0,30083000.0,7612000.0,-1712000.0,-6588000.0,,17384000.0,1961000.0
TRNS,2013-12-28,False,Q3,2014,10-Q,30513000.0,1342000.0,788000.0,0.11,0.11,0.0,54929000.0,26688000.0,13774000.0,165000.0,28119000.0,4152000.0,-915000.0,-3666000.0,,17463000.0,1158000.0
TRNS,2014-09-27,False,Q2,2015,10-Q,31111000.0,1516000.0,859000.0,0.13,0.12,0.0,63154000.0,27500000.0,11688000.0,263000.0,31865000.0,-411000.0,-8513000.0,8990000.0,6700000.0,21244000.0,1854000.0
TRNS,2015-09-26,False,Q2,2016,10-Q,29476000.0,1370000.0,878000.0,0.13,0.12,0.0,64440000.0,25238000.0,12756000.0,163000.0,35996000.0,5314000.0,-5641000.0,-21000.0,12000000.0,22652000.0,2723000.0
TRNS,2015-12-26,False,Q3,2016,10-Q,30160000.0,1682000.0,1068000.0,0.15,0.15,0.0,63456000.0,24282000.0,12199000.0,152000.0,37006000.0,7403000.0,-6649000.0,-1398000.0,10500000.0,22462000.0,3731000.0
TRNS,2015-06-27,False,Q1,2016,10-Q,29670000.0,1027000.0,601000.0,0.09,0.08,0.0,60684000.0,24079000.0,10378000.0,50000.0,35231000.0,2636000.0,-1789000.0,-657000.0,11500000.0,21660000.0,1089000.0
TRNS,2016-09-24,False,Q2,2017,10-Q,34485000.0,1578000.0,896000.0,0.13,0.12,0.0,86039000.0,28768000.0,19606000.0,598000.0,41198000.0,5009000.0,-9463000.0,4480000.0,9400000.0,32680000.0,2496000.0
TRNS,2016-06-25,False,Q1,2017,10-Q,33147000.0,1438000.0,834000.0,0.12,0.12,0.0,85221000.0,27821000.0,16159000.0,781000.0,40050000.0,-140000.0,-7890000.0,8350000.0,9800000.0,32705000.0,967000.0
TRNS,2014-12-27,False,Q3,2015,10-Q,31052000.0,1377000.0,813000.0,0.12,0.11,0.0,61360000.0,25983000.0,10813000.0,19000.0,32652000.0,1219000.0,-9344000.0,7569000.0,6700000.0,20991000.0,2709000.0
TRNS,2016-12-24,False,Q3,2017,10-Q,37813000.0,2353000.0,1280000.0,0.18,0.18,0.0,91268000.0,34277000.0,20928000.0,559000.0,42431000.0,3874000.0,-11052000.0,6934000.0,9000000.0,32436000.0,4104000.0
TRNS,2017-06-24,False,Q1,2017,10-Q,36279000.0,1411000.0,856000.0,0.12,0.12,0.0,92702000.0,35503000.0,14122000.0,601000.0,44981000.0,-2882000.0,-2128000.0,4826000.0,8300000.0,32570000.0,2128000.0
TRNS,2016-03-26,False,FY,2016,10-K,122166000.0,6302000.0,4124000.0,0.6,0.58,0.0,76707000.0,26218000.0,15829000.0,641000.0,38911000.0,10982000.0,-17964000.0,7225000.0,19100000.0,29112000.0,4101000.0
TRNS,2017-09-23,False,Q2,2017,10-Q,35927000.0,1458000.0,781000.0,0.11,0.11,0.0,94071000.0,36052000.0,16076000.0,625000.0,46598000.0,1661000.0,-3942000.0,2723000.0,8000000.0,33019000.0,3942000.0
TRNS,2017-03-25,False,FY,2017,10-K,143898000.0,7934000.0,4522000.0,0.65,0.64,0.0,92097000.0,35589000.0,19756000.0,842000.0,43401000.0,7544000.0,-12168000.0,4768000.0,8700000.0,32520000.0,5250000.0
TRNS,2017-12-23,False,Q3,2018,10-Q,40483000.0,2654000.0,1831000.0,0.26,0.25,0.0,94235000.0,36871000.0,18613000.0,504000.0,48604000.0,5817000.0,-5073000.0,-678000.0,14600000.0,32823000.0,5084000.0
TRNS,2015-03-28,False,FY,2015,10-K,123624000.0,6768000.0,4026000.0,0.59,0.57,0.0,62149000.0,27142000.0,11933000.0,65000.0,34318000.0,4439000.0,-10728000.0,4987000.0,7300000.0,20923000.0,3500000.0
TRNS,2018-03-31,False,FY,2018,10-K,155141000.0,9026000.0,5922000.0,0.83,0.81,0.0,96822000.0,40513000.0,21150000.0,577000.0,51348000.0,9874000.0,-5871000.0,-3980000.0,14100000.0,32740000.0,5882000.0
TRNS,2018-09-29,False,Q2,2019,10-Q,38879000.0,2176000.0,1488000.0,0.21,0.2,0.0,102413000.0,41635000.0,20830000.0,571000.0,54866000.0,4865000.0,-7317000.0,2435000.0,13000000.0,34120000.0,3703000.0
TRNS,2018-06-30,False,Q1,2019,10-Q,36658000.0,2025000.0,1428000.0,0.2,0.19,0.0,94510000.0,38016000.0,18614000.0,486000.0,52871000.0,3062000.0,-1918000.0,-1383000.0,13600000.0,32739000.0,1918000.0
