symbol,end_date,amend,period_focus,fiscal_year,doc_type,revenues,op_income,net_income,eps_basic,eps_diluted,dividend,assets,cur_assets,cur_liab,cash,equity,cash_flow_op,cash_flow_inv,cash_flow_fin,debt,goodwill,cap_ex
TROV,2018-12-31,False,FY,2018,10-K,378325.0,-17053412.0,-19254951.0,-8.26,-8.26,0.0,14172496.0,12765265.0,2965318.0,11453133.0,10084192.0,-13199013.0,22842.0,16403540.0,,,5100.0
TROV,2013-09-30,False,Q3,2013,10-Q,43756.0,-3077653.0,-4406592.0,-0.25,-0.25,0.0,29150565.0,27998346.0,1360696.0,27799387.0,21138154.0,-5462480.0,-571097.0,59463798.0,515964.0,,1085480.0
TROV,2013-03-31,False,Q1,2013,10-Q,119123.0,-2389839.0,-1116581.0,-0.07,-0.07,0.0,10198512.0,9349423.0,1176360.0,9164275.0,1535667.0,-1628660.0,-93351.0,66505.0,,,607734.0
TROV,2012-09-30,False,Q3,2012,10-Q,211500.0,-1038975.0,-659785.0,-0.05,-0.05,0.0,8571042.0,8000568.0,757543.0,7815128.0,4975392.0,-3619141.0,-212220.0,32072584.0,,,456523.0
TROV,2012-03-31,False,Q1,2012,10-Q,34153.0,-1130218.0,-1172202.0,-0.02,-0.02,0.0,1182155.0,705751.0,1532727.0,586777.0,-4334002.0,-905088.0,-98009.0,889500.0,,,342312.0
TROV,2013-06-30,False,Q2,2013,10-Q,49000.0,-2374112.0,-5279475.0,-0.34,-0.34,0.0,9625066.0,8523507.0,1462230.0,8302290.0,-2471135.0,-3364625.0,-360138.0,37657887.0,315168.0,,874521.0
TROV,2012-06-30,False,Q2,2012,10-Q,41500.0,-1245519.0,-3435970.0,-0.28,-0.28,0.0,9951754.0,9440175.0,1235595.0,9304410.0,5489301.0,-2201600.0,-140969.0,32073074.0,,,385272.0
TROV,2014-06-30,False,Q2,2014,10-Q,55628.0,-3241598.0,-1078776.0,-0.06,-0.06,0.0,36193484.0,35029558.0,1979400.0,34673893.0,17329335.0,-5452145.0,-133658.0,14422759.0,14702866.0,,133658.0
TROV,2015-06-30,False,Q2,2015,10-Q,49346.0,-6632207.0,-10186094.0,-0.41,-0.41,0.0,43643796.0,41901909.0,4950045.0,41293784.0,18118940.0,-10177419.0,-687965.0,24865370.0,,,687965.0
TROV,2014-12-31,False,FY,2014,10-K,280178.0,-14945159.0,-14348499.0,-0.76,-0.88,0.0,28896846.0,27719751.0,4488155.0,27293798.0,8349553.0,-12727385.0,-299790.0,14484036.0,,,363290.0
TROV,2013-12-31,False,FY,2013,10-K,259246.0,-10690541.0,-11840778.0,-0.7,-0.7,0.0,27155735.0,26068720.0,2008866.0,25836937.0,20392000.0,-7317248.0,-649284.0,22983688.0,521164.0,,1163667.0
TROV,2014-09-30,False,Q3,2014,10-Q,57199.0,-3940228.0,-5381277.0,-0.28,-0.28,0.0,32762283.0,31573947.0,3122433.0,31163559.0,12353756.0,-8860514.0,-235623.0,14422759.0,14731552.0,,235623.0
TROV,2015-03-31,False,Q1,2015,10-Q,126970.0,-4847752.0,-7180441.0,-0.33,-0.33,0.0,45832315.0,44473073.0,5305246.0,43995642.0,23562675.0,-4732882.0,-247097.0,21681823.0,,,247097.0
TROV,2014-03-31,False,Q1,2014,10-Q,110953.0,-3259638.0,-3199006.0,-0.17,-0.17,0.0,24458708.0,23262613.0,2032064.0,22871122.0,17752767.0,-2798671.0,-118507.0,-48637.0,515964.0,,1282174.0
TROV,2012-12-31,False,FY,2012,10-K,450404.0,-4849156.0,-11604201.0,-0.89,-0.89,0.0,11665026.0,11048203.0,730370.0,10819781.0,2169028.0,-4934661.0,-270080.0,15324148.0,,,514383.0
TROV,2015-09-30,False,Q3,2015,10-Q,57327.0,-6409552.0,-2741889.0,-0.1,-0.23,0.0,77022854.0,74817695.0,6969351.0,74149797.0,54858417.0,-15310089.0,-1256988.0,63423076.0,,,1256988.0
TROV,2015-12-31,False,FY,2015,10-K,312812.0,-25273652.0,-27495334.0,-1.05,-1.21,0.0,71445651.0,68381068.0,8201097.0,67493047.0,48701289.0,-22119025.0,-2233466.0,64551740.0,15383129.0,,2241066.0
TROV,2017-03-31,False,Q1,2017,10-Q,95038.0,-10125646.0,-10005597.0,-0.32,-0.32,0.0,33925069.0,29729365.0,8957810.0,10183460.0,10680488.0,-8758208.0,5183944.0,-156526.0,14862536.0,,11452.0
TROV,2016-09-30,False,Q3,2016,10-Q,89114.0,-9924487.0,-10197332.0,-0.34,-0.34,0.0,53003670.0,47977551.0,6564716.0,22569107.0,26774399.0,-22034998.0,-25249392.0,2361994.0,14494140.0,,797781.0
TROV,2016-03-31,False,Q1,2016,10-Q,120486.0,-10458648.0,-10268578.0,-0.35,-0.36,0.0,66009012.0,60891988.0,10121850.0,59989329.0,41159448.0,-6915707.0,-352023.0,-235954.0,14579054.0,,352023.0
TROV,2016-06-30,False,Q2,2016,10-Q,103400.0,-9980245.0,-10208338.0,-0.34,-0.34,0.0,56722912.0,51619931.0,10889089.0,22578980.0,32572874.0,-14993428.0,-28622478.0,-1295688.0,13284379.0,,670867.0
TROV,2016-12-31,False,FY,2016,10-K,381072.0,-40145611.0,-39227959.0,-1.3,-1.37,0.0,43950411.0,38950192.0,7797256.0,13915094.0,19768139.0,-31039855.0,-24833649.0,2301376.0,1858638.0,,823483.0
TROV,2018-06-30,False,Q2,2018,10-Q,111813.0,-4439596.0,-6522548.0,-0.88,-0.88,0.0,21768042.0,19643372.0,3218344.0,18485950.0,17477162.0,-6106754.0,-36600.0,16403540.0,,,5100.0
TROV,2018-03-31,False,Q1,2018,10-Q,100136.0,-4655023.0,-4792237.0,-0.09,-0.09,0.0,10408519.0,7839645.0,3853762.0,6657158.0,4679090.0,-2856147.0,-5100.0,1292641.0,,,5100.0
TROV,2017-06-30,False,Q2,2017,10-Q,102011.0,-5888253.0,-8051871.0,-0.26,-0.26,0.0,12560754.0,8655249.0,7462182.0,7783891.0,3510769.0,-13355334.0,24041048.0,-16819328.0,,,20738.0
TROV,2018-09-30,False,Q3,2018,10-Q,88361.0,-3855308.0,-3775628.0,-0.18,-0.18,0.0,17920822.0,16043572.0,2666611.0,15065913.0,13979755.0,-9586233.0,22842.0,16403540.0,,,5100.0
TROV,2017-12-31,False,FY,2017,10-K,505404.0,-25595797.0,-24930984.0,-0.72,-0.72,0.0,12284941.0,9468687.0,3945770.0,8225764.0,6506107.0,-23281067.0,23962225.0,-6378057.0,,,101101.0
TROV,2017-09-30,False,Q3,2017,10-Q,123329.0,-5797621.0,-4298026.0,-0.12,-0.12,0.0,12217903.0,8551625.0,5082003.0,7434298.0,3944872.0,-19949652.0,23925535.0,-10447842.0,,,136251.0
