symbol,end_date,amend,period_focus,fiscal_year,doc_type,revenues,op_income,net_income,eps_basic,eps_diluted,dividend,assets,cur_assets,cur_liab,cash,equity,cash_flow_op,cash_flow_inv,cash_flow_fin,debt,goodwill,cap_ex
TRS,2018-12-31,False,FY,2018,10-K,877140000.0,122070000.0,83300000.0,1.82,1.8,0.0,1100520000.0,411810000.0,141730000.0,108150000.0,620450000.0,129320000.0,-24800000.0,-23950000.0,0.0,316650000.0,25050000.0
TRS,2011-09-30,False,Q3,2011,10-Q,277660000.0,35790000.0,18270000.0,0.53,0.52,0.0,957860000.0,399440000.0,200430000.0,10540000.0,162390000.0,35550000.0,-49900000.0,-21480000.0,,215920000.0,23520000.0
TRS,2012-03-31,False,Q1,2012,10-Q,297570000.0,28740000.0,12490000.0,0.36,0.36,0.0,1067260000.0,425180000.0,229470000.0,14960000.0,198180000.0,-39400000.0,-70240000.0,35680000.0,,251330000.0,11370000.0
TRS,2011-06-30,False,Q2,2011,10-Q,299720000.0,42500000.0,17090000.0,0.5,0.49,0.0,949880000.0,390980000.0,204370000.0,10070000.0,154310000.0,-4660000.0,-12360000.0,-19280000.0,,208500000.0,14020000.0
TRS,2011-12-31,False,FY,2011,10-K,1083960000.0,131320000.0,60360000.0,1.76,1.73,0.0,986540000.0,431690000.0,224360000.0,88920000.0,173790000.0,95810000.0,-25230000.0,-28030000.0,,215360000.0,32620000.0
TRS,2012-06-30,False,Q2,2012,10-Q,338430000.0,43200000.0,16660000.0,0.45,0.44,0.0,1101570000.0,460090000.0,245700000.0,29280000.0,291220000.0,-4880000.0,-85690000.0,30930000.0,,249670000.0,26640000.0
TRS,2013-09-30,False,Q3,2013,10-Q,355620000.0,43290000.0,28630000.0,0.71,0.7,0.0,1432320000.0,695740000.0,257150000.0,209350000.0,544820000.0,41280000.0,,227920000.0,,290270000.0,35150000.0
TRS,2013-06-30,False,Q2,2013,10-Q,378030000.0,41640000.0,26890000.0,0.68,0.67,0.0,1239320000.0,503510000.0,258790000.0,18830000.0,341220000.0,13540000.0,-71830000.0,56540000.0,,285360000.0,25920000.0
TRS,2013-03-31,False,Q1,2013,10-Q,337780000.0,23740000.0,13180000.0,0.34,0.33,0.0,1220620000.0,494250000.0,240370000.0,21260000.0,315740000.0,-37930000.0,-41660000.0,80270000.0,,284380000.0,13950000.0
TRS,2013-12-31,False,FY,2013,10-K,1394860000.0,120530000.0,75550000.0,1.85,1.83,0.0,1300780000.0,515010000.0,261510000.0,27000000.0,549410000.0,87610000.0,-130340000.0,49150000.0,305740000.0,309660000.0,39490000.0
TRS,2012-12-31,False,FY,2012,10-K,1272910000.0,127870000.0,33880000.0,0.9,0.89,0.0,1130960000.0,437790000.0,247200000.0,20580000.0,303580000.0,73220000.0,-133000000.0,-8560000.0,422440000.0,270940000.0,46120000.0
TRS,2012-09-30,False,Q3,2012,10-Q,335870000.0,36600000.0,18670000.0,0.48,0.47,0.0,1145290000.0,460240000.0,246320000.0,26090000.0,315440000.0,15400000.0,-118090000.0,39860000.0,,269260000.0,36440000.0
TRS,2014-03-31,False,Q1,2014,10-Q,367740000.0,32590000.0,18570000.0,0.41,0.41,0.0,1348950000.0,566220000.0,253700000.0,31820000.0,554870000.0,-24670000.0,-8790000.0,38280000.0,,310700000.0,9030000.0
TRS,2014-09-30,False,Q3,2014,10-Q,380120000.0,32270000.0,22230000.0,0.49,0.49,0.0,1341250000.0,552190000.0,263510000.0,30070000.0,600710000.0,64900000.0,-48290000.0,-13540000.0,341120000.0,321550000.0,27770000.0
TRS,2016-03-31,False,Q1,2016,10-Q,202880000.0,16450000.0,8300000.0,0.18,0.18,0.0,1171580000.0,334440000.0,130830000.0,25420000.0,550720000.0,-3340000.0,-5860000.0,15170000.0,437850000.0,379250000.0,5980000.0
TRS,2015-06-30,False,Q2,2015,10-Q,224900000.0,19210000.0,1710000.0,0.04,0.04,0.0,1335010000.0,388870000.0,176690000.0,26170000.0,602140000.0,6450000.0,-14710000.0,10010000.0,463950000.0,457720000.0,12890000.0
TRS,2014-06-30,False,Q2,2014,10-Q,403980000.0,44040000.0,26200000.0,0.58,0.58,0.0,1364640000.0,582790000.0,269310000.0,38380000.0,586260000.0,22990000.0,-20250000.0,8640000.0,,312270000.0,20490000.0
TRS,2015-03-31,False,Q1,2015,10-Q,366490000.0,27500000.0,13980000.0,0.31,0.31,0.0,1673740000.0,591900000.0,289030000.0,23730000.0,598520000.0,-23270000.0,-7370000.0,29950000.0,671500000.0,461700000.0,8010000.0
TRS,2016-06-30,False,Q2,2016,10-Q,203320000.0,18660000.0,10480000.0,0.23,0.23,0.0,1150200000.0,321520000.0,133330000.0,23660000.0,558200000.0,32940000.0,-12840000.0,-15890000.0,406280000.0,377430000.0,12960000.0
TRS,2017-03-31,False,Q1,2017,10-Q,199830000.0,15740000.0,6990000.0,0.15,0.15,0.0,1052890000.0,308870000.0,131500000.0,22640000.0,510080000.0,21970000.0,-10710000.0,-9330000.0,366880000.0,316110000.0,10740000.0
TRS,2014-12-31,False,FY,2014,10-K,1499080000.0,124550000.0,68470000.0,1.53,1.51,0.0,1661750000.0,558620000.0,309920000.0,24420000.0,590630000.0,123400000.0,-410090000.0,284110000.0,639330000.0,466660000.0,34450000.0
TRS,2015-12-31,False,FY,2015,10-K,863980000.0,-4250000.0,-33400000.0,-0.74,-0.74,0.0,1170300000.0,326620000.0,152750000.0,19450000.0,547190000.0,62540000.0,-39470000.0,-28040000.0,419630000.0,378920000.0,28660000.0
TRS,2015-09-30,False,Q3,2015,10-Q,222190000.0,21560000.0,11710000.0,0.26,0.26,0.0,1312960000.0,380050000.0,159790000.0,22460000.0,607860000.0,14710000.0,-21190000.0,4520000.0,459420000.0,455430000.0,20360000.0
TRS,2016-09-30,False,Q3,2016,10-Q,202290000.0,17790000.0,8780000.0,0.19,0.19,0.0,1158400000.0,331780000.0,135930000.0,22550000.0,567010000.0,46410000.0,-22270000.0,-21040000.0,402420000.0,377380000.0,22390000.0
TRS,2017-06-30,False,Q2,2017,10-Q,213370000.0,26250000.0,14850000.0,0.32,0.32,0.0,1053130000.0,312570000.0,132980000.0,22680000.0,528460000.0,49590000.0,-15130000.0,-32490000.0,346500000.0,317850000.0,16910000.0
TRS,2017-09-30,False,Q3,2017,10-Q,209330000.0,28120000.0,13130000.0,0.29,0.29,0.0,1053330000.0,319150000.0,119320000.0,24760000.0,546960000.0,72650000.0,-22320000.0,-46280000.0,336560000.0,318730000.0,24120000.0
TRS,2016-12-31,False,FY,2016,10-K,794020000.0,-44000000.0,-39800000.0,-0.88,-0.88,0.0,1051650000.0,308800000.0,133270000.0,20710000.0,499720000.0,80470000.0,-31110000.0,-48100000.0,374650000.0,315080000.0,31330000.0
TRS,2018-06-30,False,Q2,2018,10-Q,224910000.0,31520000.0,19600000.0,0.43,0.42,0.0,1053860000.0,353540000.0,126010000.0,53400000.0,585690000.0,51620000.0,-11070000.0,-14730000.0,0.0,317700000.0,11320000.0
TRS,2018-09-30,False,Q3,2018,10-Q,223780000.0,29880000.0,22670000.0,0.49,0.49,0.0,1076570000.0,386090000.0,128040000.0,79630000.0,607490000.0,83090000.0,-15640000.0,-15400000.0,0.0,316730000.0,15890000.0
TRS,2018-03-31,False,Q1,2018,10-Q,217100000.0,35210000.0,24320000.0,0.53,0.53,0.0,1045130000.0,332920000.0,117740000.0,36670000.0,565780000.0,16240000.0,-2920000.0,-4230000.0,8970000.0,320210000.0,3170000.0
TRS,2017-12-31,False,FY,2017,10-K,817740000.0,88490000.0,30960000.0,0.68,0.67,0.0,1033200000.0,311270000.0,121880000.0,27580000.0,544020000.0,120060000.0,-32350000.0,-80840000.0,303080000.0,319390000.0,36800000.0
