symbol,end_date,amend,period_focus,fiscal_year,doc_type,revenues,op_income,net_income,eps_basic,eps_diluted,dividend,assets,cur_assets,cur_liab,cash,equity,cash_flow_op,cash_flow_inv,cash_flow_fin,debt,goodwill,cap_ex
TTEC,2012-03-31,True,Q1,2012,10-Q,292654000.0,18750000.0,15881000.0,0.28,0.28,0.0,771115000.0,489326000.0,149824000.0,172761000.0,480228000.0,14664000.0,-11001000.0,4175000.0,,74069000.0,6484000.0
TTEC,2018-12-31,False,FY,2018,10-K,1509171000.0,92054000.0,35817000.0,0.78,0.77,0.55,1054508000.0,526477000.0,235418000.0,78237000.0,352849000.0,168345000.0,-47562000.0,-102079000.0,,204633000.0,43450000.0
TTEC,2012-06-30,False,Q2,2012,10-Q,288798000.0,6446000.0,5323000.0,0.1,0.1,0.0,784952000.0,501695000.0,184001000.0,170578000.0,468662000.0,48657000.0,-21952000.0,-20547000.0,,72057000.0,17478000.0
TTEC,2011-06-30,False,Q2,2011,10-Q,293636000.0,24629000.0,22217000.0,0.39,0.38,0.0,783785000.0,517663000.0,173694000.0,194286000.0,453248000.0,47981000.0,-53918000.0,78055000.0,,77279000.0,12362000.0
TTEC,2011-03-31,False,Q1,2011,10-Q,280979000.0,21490000.0,10473000.0,0.18,0.18,0.0,710490000.0,480328000.0,160200000.0,189707000.0,437282000.0,24608000.0,-3870000.0,47938000.0,,52767000.0,3870000.0
TTEC,2011-09-30,True,Q3,2011,10-Q,304235000.0,26572000.0,25371000.0,0.45,0.44,0.0,783129000.0,524494000.0,157536000.0,169809000.0,454731000.0,39502000.0,-65494000.0,81286000.0,,73990000.0,21166000.0
TTEC,2012-03-31,False,Q1,2012,10-Q,292654.0,18750.0,15881.0,0.28,0.28,0.0,771115.0,489326.0,149824.0,172761.0,480228.0,14664.0,-11001.0,4175.0,,74069.0,6484.0
TTEC,2011-12-31,False,FY,2011,10-K,1179388.0,93454.0,74174.0,1.31,1.28,0.0,746978.0,478282.0,170011.0,156371.0,470247.0,113799.0,-86931.0,15891.0,,70844.0,38667.0
TTEC,2011-12-31,True,FY,2011,10-K,1179388000.0,93454000.0,74174000.0,1.31,1.28,0.0,746978000.0,478282000.0,170011000.0,156371000.0,470247000.0,113799000.0,-86931000.0,15891000.0,,70844000.0,38667000.0
TTEC,2011-09-30,False,Q3,2011,10-Q,304235.0,26572.0,25371.0,0.45,0.44,0.0,783129.0,524494.0,157536.0,169809.0,454731.0,39502.0,-65494.0,81286.0,,73990.0,21166.0
TTEC,2013-06-30,False,Q2,2013,10-Q,289692000.0,19675000.0,12315000.0,0.24,0.23,0.0,810638000.0,469394000.0,160310000.0,150623000.0,473700000.0,40211000.0,-15312000.0,-30168000.0,,93577000.0,13660000.0
TTEC,2013-03-31,False,Q1,2013,10-Q,288383000.0,22998000.0,17961000.0,0.34,0.34,0.0,847495000.0,500280000.0,157725000.0,170551000.0,513608000.0,6494000.0,-4105000.0,-249000.0,,95191000.0,4105000.0
TTEC,2012-12-31,False,FY,2012,10-K,1162981000.0,78545000.0,70015000.0,1.28,1.26,0.0,847173000.0,503544000.0,171405000.0,164485000.0,500337000.0,106920000.0,-80932000.0,-34965000.0,,94679000.0,40653000.0
TTEC,2013-12-31,False,FY,2013,10-K,7973000.0,101399000.0,67388000.0,1.31,1.29,0.0,842342000.0,469551000.0,190787000.0,158017000.0,473482000.0,137979000.0,-59530000.0,-70662000.0,,102743000.0,50364000.0
TTEC,2012-09-30,False,Q3,2012,10-Q,286268000.0,27361000.0,28429000.0,0.53,0.52,0.0,805604000.0,510382000.0,161568000.0,170377000.0,498919000.0,63411000.0,-37508000.0,-25712000.0,,72154000.0,33259000.0
TTEC,2013-09-30,False,Q3,2013,10-Q,296995000.0,25961000.0,17643000.0,0.35,0.34,0.0,838369000.0,467009000.0,178998000.0,144903000.0,471371000.0,76613000.0,-40788000.0,-45501000.0,,98695000.0,31832000.0
TTEC,2014-03-31,False,Q1,2014,10-Q,-1570000.0,24357000.0,20218000.0,0.4,0.4,0.0,831940000.0,449361000.0,188220000.0,120377000.0,469316000.0,13537000.0,-23120000.0,-24370000.0,,110553000.0,15095000.0
TTEC,2010-12-31,False,FY,2010,10-K,1094906000.0,73745000.0,49874000.0,0.83,0.81,0.0,660623000.0,424216000.0,172251000.0,119385000.0,454818000.0,134455000.0,-43198000.0,-85897000.0,,52707000.0,26800000.0
TTEC,2014-09-30,False,Q3,2014,10-Q,248000.0,21323000.0,13247000.0,0.27,0.27,0.0,861309000.0,439496000.0,188898000.0,87612000.0,467693000.0,61907000.0,-76002000.0,-48035000.0,,128830000.0,52234000.0
TTEC,2015-03-31,False,Q1,2015,10-Q,-1708000.0,26128000.0,18772000.0,0.39,0.38,0.0,864483000.0,455463000.0,190628000.0,65714000.0,454741000.0,3820000.0,-22140000.0,9250000.0,,127588000.0,13038000.0
TTEC,2016-03-31,False,Q1,2016,10-Q,-5897000.0,17753000.0,11225000.0,0.23,0.23,0.0,865893000.0,441325000.0,195997000.0,75422000.0,451517000.0,11538000.0,-15148000.0,13511000.0,,114506000.0,14949000.0
TTEC,2014-06-30,False,Q2,2014,10-Q,-1472000.0,20667000.0,16862000.0,0.34,0.34,0.0,816637000.0,431281000.0,161905000.0,97778000.0,488508000.0,31630000.0,-43080000.0,-51073000.0,,110781000.0,34483000.0
TTEC,2014-12-31,False,FY,2014,10-K,-2429000.0,96475000.0,72293000.0,1.47,1.44,0.0,852475000.0,445483000.0,198631000.0,77316000.0,463250000.0,94090000.0,-91922000.0,-74245000.0,,128705000.0,67641000.0
TTEC,2015-09-30,False,Q3,2015,10-Q,-3987000.0,15625000.0,11195000.0,0.23,0.23,0.0,858215000.0,450389000.0,224041000.0,86170000.0,421869000.0,116164000.0,-59844000.0,-27464000.0,,118784000.0,49184000.0
TTEC,2016-06-30,False,Q2,2016,10-Q,-5860000.0,16228000.0,11616000.0,0.24,0.24,0.185,822148000.0,397540000.0,177998000.0,55330000.0,424199000.0,53026000.0,-28080000.0,-28013000.0,,114092000.0,27743000.0
TTEC,2015-06-30,True,Q2,2015,10-Q,-2505000.0,23352000.0,14696000.0,0.3,0.3,0.0,863205000.0,444654000.0,202212000.0,93842000.0,455571000.0,85513000.0,-40164000.0,-21418000.0,,126798000.0,29505000.0
TTEC,2016-09-30,False,Q3,2016,10-Q,-7103000.0,12526000.0,11451000.0,0.24,0.24,0.0,807287000.0,397462000.0,197762000.0,61308000.0,395063000.0,107146000.0,-39170000.0,-57294000.0,,111088000.0,38863000.0
TTEC,2017-03-31,False,Q1,2017,10-Q,-6806000.0,26490000.0,19245000.0,0.42,0.42,0.22,840151000.0,423941000.0,202713000.0,66475000.0,375272000.0,74932000.0,-14196000.0,-49805000.0,,129765000.0,12035000.0
TTEC,2016-12-31,False,FY,2016,10-K,-28025000.0,52752000.0,33678000.0,0.71,0.71,0.0,846304000.0,433727000.0,180029000.0,55264000.0,361895000.0,107897000.0,-100357000.0,2328000.0,,129648000.0,50832000.0
TTEC,2015-12-31,False,FY,2015,10-K,-12410000.0,90180000.0,61666000.0,1.27,1.26,0.0,843327000.0,415072000.0,206906000.0,60304000.0,440817000.0,133750000.0,-77169000.0,-52900000.0,,114183000.0,66595000.0
TTEC,2017-09-30,False,Q3,2017,10-Q,-5812000.0,15800000.0,14769000.0,0.32,0.32,0.25,949518000.0,468208000.0,219978000.0,78842000.0,399794000.0,149643000.0,-126254000.0,-1442000.0,,166584000.0,43932000.0
TTEC,2017-12-31,False,FY,2017,10-K,-22792000.0,100489000.0,7256000.0,0.16,0.16,0.47,1078736000.0,542790000.0,201778000.0,74437000.0,362845000.0,113152000.0,-168987000.0,71581000.0,,206694000.0,51958000.0
TTEC,2018-06-30,False,Q2,2018,10-Q,699706000.0,13503000.0,5518000.0,0.12,0.12,0.0,988530000.0,480515000.0,202248000.0,71260000.0,331664000.0,104706000.0,-20996000.0,-74487000.0,,203518000.0,16883000.0
TTEC,2018-03-31,False,Q1,2018,10-Q,-5332000.0,24941000.0,4591000.0,0.1,0.1,0.27,1034862000.0,517664000.0,224927000.0,81594000.0,345223000.0,67387000.0,-10083000.0,-46129000.0,,205632000.0,7508000.0
TTEC,2018-09-30,False,Q3,2018,10-Q,364936000.0,14657000.0,5375000.0,0.12,0.12,0.28,1038606000.0,502972000.0,242970000.0,93879000.0,328858000.0,166109000.0,-35966000.0,-95782000.0,,201826000.0,31841000.0
TTEC,2017-06-30,False,Q2,2017,10-Q,-5091000.0,21589000.0,14694000.0,0.32,0.32,0.0,930123000.0,449703000.0,199260000.0,77910000.0,395258000.0,125455000.0,-110275000.0,6314000.0,,166874000.0,29589000.0
