symbol,end_date,amend,period_focus,fiscal_year,doc_type,revenues,op_income,net_income,eps_basic,eps_diluted,dividend,assets,cur_assets,cur_liab,cash,equity,cash_flow_op,cash_flow_inv,cash_flow_fin,debt,goodwill,cap_ex
TTNP,2011-12-31,False,FY,2011,10-K,4068000.0,-10506000.0,-15203000.0,-0.26,-0.26,0.0,10217000.0,9962000.0,5123000.0,5406000.0,-20079000.0,-14476000.0,-234000.0,16936000.0,,,236000.0
TTNP,2018-09-30,False,Q3,2018,10-Q,1650000.0,-1952000.0,-2330000.0,-0.11,-0.11,0.0,11854000.0,11525000.0,2202000.0,8427000.0,5489000.0,-5123000.0,-71000.0,6099000.0,,,71000.0
TTNP,2011-06-30,False,Q2,2011,10-Q,695000.0,-4200000.0,-6989000.0,-0.12,-0.12,0.0,8841000.0,8751000.0,6207000.0,6092000.0,-16985000.0,-8968000.0,-56000.0,11936000.0,,,58000.0
TTNP,2012-03-31,False,Q1,2012,10-Q,1270000.0,-3532000.0,-5163000.0,-0.09,-0.09,0.0,7509000.0,6737000.0,5887000.0,2308000.0,-23690000.0,-2532000.0,-522000.0,-44000.0,,,522000.0
TTNP,2011-09-30,False,Q3,2011,10-Q,1012000.0,-1957000.0,-804000.0,-0.01,-0.01,0.0,6551000.0,6468000.0,6383000.0,2772000.0,-17550000.0,-12288000.0,-56000.0,11936000.0,,,58000.0
TTNP,2012-06-30,False,Q2,2012,10-Q,1360000.0,-1739000.0,,-0.03,-0.03,0.0,10054000.0,8819000.0,9464000.0,4104000.0,-22995000.0,-5189000.0,-989000.0,4876000.0,,,989000.0
TTNP,2013-06-30,False,Q2,2013,10-Q,2198000.0,-292000.0,5064000.0,0.06,0.0,0.0,16908000.0,15230000.0,13525000.0,11176000.0,2146000.0,-5516000.0,-298000.0,-1112000.0,,,298000.0
TTNP,2013-03-31,False,Q1,2013,10-Q,5174000.0,171000.0,6001000.0,0.08,0.07,0.0,23532000.0,21965000.0,19981000.0,17606000.0,-3048000.0,-1704000.0,-180000.0,1388000.0,,,180000.0
TTNP,2012-12-31,False,FY,2012,10-K,7117000.0,-8370000.0,-15180000.0,-0.04,-0.04,0.0,24827000.0,23435000.0,21393000.0,18102000.0,-23128000.0,1830000.0,-1154000.0,12020000.0,11771000.0,,1154000.0
TTNP,2012-09-30,False,Q3,2012,10-Q,1228000.0,-2657000.0,,-0.12,-0.12,0.0,10744000.0,9380000.0,10893000.0,5062000.0,-27131000.0,-7566000.0,-1122000.0,8344000.0,,,1122000.0
TTNP,2013-09-30,False,Q3,2013,10-Q,2198000.0,-128000.0,-1145000.0,-0.01,-0.0,0.0,15520000.0,13850000.0,12250000.0,8998000.0,1022000.0,-7695000.0,-297000.0,-1112000.0,,,297000.0
TTNP,2014-09-30,False,Q3,2014,10-Q,911000.0,-738000.0,716000.0,0.01,-0.01,0.0,13216000.0,11859000.0,7461000.0,7450000.0,4251000.0,-4293000.0,-18000.0,-37000.0,,,18000.0
TTNP,2014-06-30,False,Q2,2014,10-Q,911000.0,-550000.0,-842000.0,-0.01,-0.01,0.0,14249000.0,12812000.0,7821000.0,8853000.0,3463000.0,-2898000.0,-10000.0,-37000.0,,,10000.0
TTNP,2015-03-31,False,Q1,2015,10-Q,911000.0,-1615000.0,-4897000.0,-0.04,-0.04,0.0,18388000.0,17202000.0,5340000.0,13423000.0,4191000.0,-2026000.0,-7000.0,-14000.0,,,7000.0
TTNP,2014-03-31,False,Q1,2014,10-Q,911000.0,-934000.0,-1804000.0,-0.02,-0.02,0.0,16123000.0,14605000.0,9160000.0,10239000.0,4282000.0,-1557000.0,-2000.0,0.0,,,2000.0
TTNP,2015-06-30,False,Q2,2015,10-Q,760000.0,-1092000.0,-2281000.0,-0.02,-0.02,0.0,17313000.0,16213000.0,5285000.0,11499000.0,1986000.0,-3948000.0,-9000.0,-14000.0,,,9000.0
TTNP,2016-03-31,False,Q1,2016,10-Q,0.0,-1831000.0,-1846000.0,-0.09,-0.09,0.0,11996000.0,10989000.0,5080000.0,5762000.0,5476000.0,-2038000.0,-57000.0,0.0,,,57000.0
TTNP,2013-12-31,False,FY,2013,10-K,10481000.0,-891000.0,9711000.0,0.12,0.1,0.0,18423000.0,16820000.0,10846000.0,11798000.0,5760000.0,-9799000.0,-318000.0,3813000.0,,,318000.0
TTNP,2014-12-31,False,FY,2014,10-K,3646000.0,-3475000.0,-2403000.0,-0.03,-0.04,0.0,20851000.0,19583000.0,6662000.0,15470000.0,8611000.0,-5865000.0,-18000.0,9555000.0,,,18000.0
TTNP,2016-06-30,False,Q2,2016,10-Q,15004000.0,12044000.0,11928000.0,0.58,0.55,0.0,25298000.0,24393000.0,6068000.0,19305000.0,17680000.0,11469000.0,-48000.0,27000.0,,,48000.0
TTNP,2017-06-30,False,Q2,2017,10-Q,77000.0,-3621000.0,-3451000.0,-0.16,-0.17,0.0,9414000.0,8754000.0,1869000.0,8350000.0,7538000.0,-5630000.0,-26000.0,0.0,,,26000.0
TTNP,2017-09-30,False,Q3,2017,10-Q,40000.0,-4070000.0,-4191000.0,-0.2,-0.2,0.0,12740000.0,12056000.0,1972000.0,11688000.0,4038000.0,-9175000.0,-155000.0,7012000.0,,,155000.0
TTNP,2016-09-30,False,Q3,2016,10-Q,26000.0,-2616000.0,-2620000.0,-0.12,-0.12,0.0,23535000.0,22675000.0,6718000.0,16489000.0,15262000.0,8701000.0,-96000.0,27000.0,,,96000.0
TTNP,2017-03-31,False,Q1,2017,10-Q,40000.0,-3437000.0,-3005000.0,-0.14,-0.16,0.0,13074000.0,12312000.0,2270000.0,10870000.0,10607000.0,-3110000.0,-26000.0,,,,26000.0
TTNP,2015-09-30,False,Q3,2015,10-Q,0.0,-1802000.0,-1807000.0,-0.09,-0.09,0.0,14909000.0,13850000.0,4594000.0,9690000.0,8917000.0,-5710000.0,-56000.0,-14000.0,,,56000.0
TTNP,2015-12-31,False,FY,2015,10-K,1671000.0,-6759000.0,-11279000.0,-0.56,-0.56,0.0,13287000.0,12244000.0,4853000.0,7857000.0,6990000.0,-7466000.0,-133000.0,-14000.0,,,133000.0
TTNP,2016-12-31,False,FY,2016,10-K,15065000.0,4343000.0,5135000.0,0.25,0.2,0.0,18667000.0,17830000.0,4857000.0,14006000.0,13191000.0,6293000.0,-171000.0,27000.0,,,171000.0
TTNP,2018-03-31,False,Q1,2018,10-Q,1064000.0,-2407000.0,-2605000.0,-0.12,-0.12,0.0,5290000.0,4749000.0,2718000.0,3465000.0,-846000.0,-999000.0,-58000.0,-3000000.0,4000000.0,,58000.0
TTNP,2018-06-30,False,Q2,2018,10-Q,2668000.0,-639000.0,-869000.0,-0.04,-0.04,0.0,4617000.0,4193000.0,2389000.0,1614000.0,-1313000.0,-2855000.0,-53000.0,-3000000.0,,,53000.0
TTNP,2017-12-31,False,FY,2017,10-K,215000.0,-14502000.0,-14307000.0,-0.67,-0.7,0.0,8905000.0,8310000.0,4464000.0,7522000.0,857000.0,-13038000.0,-175000.0,6729000.0,,,175000.0
