symbol,end_date,amend,period_focus,fiscal_year,doc_type,revenues,op_income,net_income,eps_basic,eps_diluted,dividend,assets,cur_assets,cur_liab,cash,equity,cash_flow_op,cash_flow_inv,cash_flow_fin,debt,goodwill,cap_ex
CVI,2018-12-31,False,FY,2018,10-K,351082000.0,6314000.0,-50027000.0,-0.44,-0.44,0.0,1254388000.0,193981000.0,122635000.0,61776000.0,,32234000.0,-19631000.0,0.0,628989000.0,40969000.0,19806000.0
UAN,2012-12-31,False,FY,2012,10-K,302309000.0,115758000.0,112223000.0,1.54,1.53,0.0,622954000.0,166048000.0,49475000.0,127848000.0,,133497000.0,-81125000.0,-161499000.0,,40969000.0,82151000.0
UAN,2012-09-30,False,Q3,2012,10-Q,75013000.0,32347000.0,31557000.0,0.43,0.43,0.0,653242000.0,220464000.0,59596000.0,180291000.0,,124790000.0,-56393000.0,-125081000.0,,40969000.0,57419000.0
UAN,2015-03-31,False,Q1,2015,10-Q,93050000.0,31465000.0,29774000.0,0.41,0.41,0.0,568091000.0,123581000.0,29095000.0,72638000.0,,25365000.0,-2661000.0,-29980000.0,,40969000.0,2661000.0
UAN,2013-12-31,False,FY,2013,10-K,323672000.0,124851000.0,118616000.0,1.62,1.62,0.0,593454000.0,135780000.0,27386000.0,85142000.0,,129009000.0,-43721000.0,-127994000.0,,40969000.0,43754000.0
UAN,2013-03-31,False,Q1,2013,10-Q,81411000.0,36803000.0,35553000.0,0.49,0.49,0.0,660113000.0,199558000.0,64022000.0,153242000.0,,57485000.0,-18063000.0,-14028000.0,,40969000.0,18063000.0
UAN,2012-06-30,False,Q2,2012,10-Q,81431000.0,36047000.0,35088000.0,0.48,0.48,0.0,639703000.0,226712000.0,34958000.0,196394000.0,,79863000.0,-39218000.0,-81226000.0,,40969000.0,39218000.0
UAN,2014-03-31,False,Q1,2014,10-Q,80316000.0,23098000.0,21453000.0,0.29,0.29,0.0,592615000.0,138835000.0,36468000.0,85919000.0,,35601000.0,-3385000.0,-31439000.0,,40969000.0,3385000.0
UAN,2014-09-30,False,Q3,2014,10-Q,66733000.0,14416000.0,12719000.0,0.17,0.17,0.0,562088000.0,112400000.0,27975000.0,68004000.0,,79643000.0,-13408000.0,-83373000.0,,40969000.0,13499000.0
UAN,2013-09-30,False,Q3,2013,10-Q,69199000.0,21319000.0,19705000.0,0.27,0.27,0.0,594028000.0,133471000.0,29195000.0,87166000.0,,96523000.0,-35811000.0,-101394000.0,,40969000.0,35844000.0
UAN,2011-06-30,False,Q2,2011,10-Q,80673000.0,39346000.0,38211000.0,0.42,0.42,0.0,640740000.0,262074000.0,30491000.0,229751000.0,,50194000.0,-5822000.0,142634000.0,,40969000.0,6047000.0
UAN,2015-06-30,False,Q2,2015,10-Q,80815000.0,28712000.0,27016000.0,0.37,0.37,0.0,559959000.0,117786000.0,151625000.0,66981000.0,,55954000.0,-6001000.0,-62886000.0,0.0,40969000.0,6033000.0
UAN,2014-06-30,False,Q2,2014,10-Q,77215000.0,18800000.0,17130000.0,0.23,0.23,0.0,575188000.0,123452000.0,29564000.0,78470000.0,,59954000.0,-7400000.0,-59226000.0,,40969000.0,7491000.0
UAN,2012-03-31,False,Q1,2012,10-Q,78276000.0,31426000.0,30244000.0,0.41,0.41,0.0,656931000.0,255772000.0,51712000.0,225573000.0,,53814000.0,-22274000.0,-42942000.0,,40969000.0,22274000.0
UAN,2015-09-30,False,Q3,2015,10-Q,49325000.0,-11806000.0,-13478000.0,-0.18,-0.18,0.0,523755000.0,80616000.0,157154000.0,33250000.0,,57090000.0,-12350000.0,-91404000.0,0.0,40969000.0,12428000.0
UAN,2011-09-30,False,Q3,2011,10-Q,77203000.0,37514000.0,36285000.0,0.5,0.5,0.0,673779000.0,291735000.0,57037000.0,255514000.0,,107897000.0,-7794000.0,112666000.0,,40969000.0,10539000.0
UAN,2011-12-31,False,FY,2011,10-K,302867000.0,136198000.0,132447000.0,1.48,1.48,0.0,659309000.0,271863000.0,42454000.0,236975000.0,,139853000.0,-16400000.0,70777000.0,,40969000.0,19145000.0
UAN,2014-12-31,False,FY,2014,10-K,298665000.0,82803000.0,76149000.0,1.04,1.04,0.0,578839000.0,129578000.0,39707000.0,79914000.0,,118878000.0,-20966000.0,-103140000.0,,40969000.0,21076000.0
UAN,2013-06-30,False,Q2,2013,10-Q,88834000.0,37060000.0,35437000.0,0.48,0.48,0.0,619198000.0,154746000.0,31679000.0,111882000.0,,74622000.0,-31819000.0,-58769000.0,,40969000.0,31852000.0
UAN,2015-12-31,False,FY,2015,10-K,289194000.0,68729000.0,62042000.0,0.85,0.85,0.0,536482000.0,98772000.0,25914000.0,49967000.0,,78421000.0,-16945000.0,-91423000.0,0.0,40969000.0,17023000.0
UAN,2016-03-31,False,Q1,2016,10-Q,73092000.0,19653000.0,18042000.0,0.25,0.25,0.0,529222000.0,96737000.0,20264000.0,51979000.0,,23640000.0,-1733000.0,-19895000.0,0.0,40969000.0,1733000.0
UAN,2017-06-30,False,Q2,2017,10-Q,97896000.0,12198000.0,-3445000.0,-0.03,-0.03,0.0,1280589000.0,133556000.0,45615000.0,51650000.0,,6937000.0,-8616000.0,-2266000.0,0.0,40969000.0,8616000.0
UAN,2017-03-31,False,Q1,2017,10-Q,85321000.0,5348000.0,-10336000.0,-0.09,-0.09,0.0,1328430000.0,166884000.0,88968000.0,81538000.0,,30055000.0,-4112000.0,0.0,0.0,40969000.0,4112000.0
UAN,2017-12-31,False,FY,2017,10-K,330802000.0,-9218000.0,-72788000.0,-0.64,-0.64,0.0,1234276000.0,118918000.0,56095000.0,49173000.0,,10400000.0,-14556000.0,-2266000.0,0.0,40969000.0,14556000.0
UAN,2017-09-30,False,Q3,2017,10-Q,69393000.0,-15936000.0,-31602000.0,-0.28,-0.28,0.0,1275759000.0,145006000.0,71724000.0,69977000.0,,28104000.0,-11456000.0,-2266000.0,0.0,40969000.0,11456000.0
UAN,2016-09-30,False,Q3,2016,10-Q,78474000.0,2384000.0,-13430000.0,-0.12,-0.12,0.0,1326857000.0,139886000.0,61652000.0,65296000.0,,47509000.0,-82137000.0,49957000.0,,40969000.0,18268000.0
UAN,2016-12-31,False,FY,2016,10-K,356284000.0,26701000.0,-26938000.0,-0.26,-0.26,0.0,1312217000.0,134531000.0,63016000.0,55595000.0,,44969000.0,-87100000.0,47759000.0,0.0,40969000.0,23231000.0
UAN,2018-09-30,False,Q3,2018,10-Q,79909000.0,2529000.0,-13146000.0,-0.12,-0.12,0.0,1218512000.0,143727000.0,86204000.0,61441000.0,,27118000.0,-14850000.0,0.0,0.0,40969000.0,15022000.0
UAN,2018-06-30,False,Q2,2018,10-Q,93197000.0,-790000.0,-16459000.0,-0.15,-0.15,0.0,1199576000.0,110313000.0,55424000.0,28252000.0,,-12470000.0,-8451000.0,0.0,0.0,40969000.0,8623000.0
UAN,2018-03-31,False,Q1,2018,10-Q,79859000.0,-3421000.0,-19051000.0,-0.17,-0.17,0.0,1239495000.0,139101000.0,79544000.0,61111000.0,,14486000.0,-2548000.0,,0.0,40969000.0,2720000.0
UAN,2016-06-30,False,Q2,2016,10-Q,119797000.0,3702000.0,-17006000.0,-0.15,-0.15,0.0,1352649000.0,151836000.0,54055000.0,76261000.0,,29154000.0,-75738000.0,72878000.0,,40969000.0,11869000.0
