symbol,end_date,amend,period_focus,fiscal_year,doc_type,revenues,op_income,net_income,eps_basic,eps_diluted,dividend,assets,cur_assets,cur_liab,cash,equity,cash_flow_op,cash_flow_inv,cash_flow_fin,debt,goodwill,cap_ex
RCKB,2013-06-30,False,Q2,2013,10-Q,23292000.0,,3299000.0,0.13,0.12,0.0,2183138000.0,,,29937000.0,296992000.0,14430000.0,-147815000.0,181493000.0,,1070000.0,3570000.0
UBNK,2018-12-31,False,FY,2018,10-K,309735000.0,,59906000.0,1.18,1.17,0.48,7356874000.0,,,36434000.0,712518000.0,108190000.0,-275524000.0,176630000.0,74300000.0,116769000.0,7359000.0
RCKB,2013-03-31,False,Q1,2013,10-Q,23969000.0,,4551000.0,0.17,0.17,0.1,2062708000.0,,,12427000.0,320992000.0,-150000.0,-41623000.0,64001000.0,,1070000.0,1516000.0
RCKB,2012-09-30,False,Q3,2012,10-Q,24285000.0,,4668000.0,0.17,0.17,0.0,1949187000.0,,,14000000.0,327289000.0,13198000.0,-193334000.0,177516000.0,,1070000.0,4454000.0
RCKB,2013-09-30,False,Q3,2013,10-Q,24600000.0,,4620000.0,0.18,0.18,0.0,2219080000.0,,,22729000.0,295173000.0,-13570000.0,-168209000.0,200935000.0,,1070000.0,4696000.0
UBNK,2014-03-31,False,Q1,2014,10-Q,22911000.0,,947000.0,0.04,0.04,0.1,2372548000.0,,,19977000.0,300347000.0,-4599000.0,-81573000.0,73583000.0,,1070000.0,1316000.0
UBNK,2015-03-31,False,Q1,2015,10-Q,55130000.0,,13025000.0,0.27,0.26,0.1,5531150000.0,,,43348000.0,610123000.0,3682000.0,-40572000.0,39299000.0,79336000.0,115232000.0,1409000.0
RCKB,2012-12-31,False,FY,2012,10-K,92659000.0,,15797000.0,0.57,0.56,0.52,1998799000.0,,,19966000.0,320611000.0,21084000.0,-246953000.0,220199000.0,,1070000.0,5971000.0
UBNK,2014-09-30,False,Q3,2014,10-Q,51277000.0,,9985000.0,0.19,0.19,0.0,5313806000.0,,,58109000.0,651366000.0,-11121000.0,-446882000.0,497753000.0,,,10036000.0
UBNK,2014-06-30,False,Q2,2014,10-Q,47086000.0,,-5571000.0,-0.13,-0.13,0.0,5159478000.0,,,66269000.0,652643000.0,-31015000.0,-275155000.0,350361000.0,,,3504000.0
RCKB,2011-09-30,False,Q3,2011,10-Q,21337000.0,,4083000.0,0.14,0.14,0.0,1750179000.0,,,68487000.0,335356000.0,3096000.0,-60325000.0,65320000.0,,1149000.0,1719000.0
RCKB,2011-06-30,False,Q2,2011,10-Q,26751000.0,,43000.0,0.0,0.0,0.0,1746677000.0,,,30502000.0,332125000.0,-7742000.0,-44131000.0,71897000.0,,1149000.0,402000.0
UBNK,2015-09-30,False,Q3,2015,10-Q,57443000.0,,13381000.0,0.27,0.27,0.0,5843022000.0,,,38534000.0,621452000.0,35162000.0,-347301000.0,323497000.0,79437000.0,115281000.0,3186000.0
UBNK,2014-12-31,False,FY,2014,10-K,172484000.0,,6782000.0,0.16,0.16,0.4,5476809000.0,,,43416000.0,602408000.0,-9766000.0,-595740000.0,647223000.0,73800000.0,115240000.0,12719000.0
UBNK,2015-12-31,False,FY,2015,10-K,228832000.0,,49640000.0,1.01,1.0,0.46,6228541000.0,,,47602000.0,625521000.0,50770000.0,-747977000.0,705431000.0,73900000.0,115281000.0,3593000.0
RCKB,2013-12-31,False,FY,2013,10-K,94568000.0,,14227000.0,0.55,0.54,0.4,2301615000.0,,,20308000.0,299382000.0,23768000.0,-301385000.0,287537000.0,,1070000.0,7108000.0
UBNK,2015-06-30,False,Q2,2015,10-Q,58082000.0,,13332000.0,0.27,0.27,0.0,5680690000.0,,,44482000.0,611995000.0,4098000.0,-192820000.0,186295000.0,79386000.0,115265000.0,3026000.0
UBNK,2016-06-30,False,Q2,2016,10-Q,58153000.0,,9058000.0,0.18,0.18,0.0,6415084000.0,,,54792000.0,644193000.0,-13511000.0,-116807000.0,132583000.0,,115281000.0,963000.0
RCKB,2012-03-31,False,Q1,2012,10-Q,21595000.0,,3855000.0,0.13,0.13,0.08,1855154000.0,,,15303000.0,327650000.0,4358000.0,-108336000.0,102845000.0,,1070000.0,899000.0
RCKB,2011-12-31,False,FY,2011,10-K,90339000.0,,7092000.0,0.25,0.25,0.27,1749872000.0,,,40677000.0,333471000.0,16378000.0,-102386000.0,66285000.0,,1149000.0,2042000.0
RCKB,2012-06-30,False,Q2,2012,10-Q,21959000.0,,2949000.0,0.11,0.11,0.0,1928399000.0,,,20151000.0,322705000.0,7552000.0,-183951000.0,169304000.0,,1070000.0,2477000.0
UBNK,2017-03-31,False,Q1,2017,10-Q,63671000.0,,13726000.0,0.27,0.27,0.12,6696620000.0,,,45279000.0,665983000.0,-14326000.0,-72544000.0,80586000.0,,115281000.0,1190000.0
UBNK,2016-03-31,False,Q1,2016,10-Q,60301000.0,,11894000.0,0.24,0.24,0.12,6319244000.0,,,46618000.0,633278000.0,-7215000.0,-62294000.0,61567000.0,,115281000.0,263000.0
UBNK,2016-12-31,False,FY,2016,10-K,242236000.0,,49661000.0,1.0,0.99,0.48,6599520000.0,,,47248000.0,655866000.0,-313000.0,-332492000.0,328573000.0,74000000.0,115281000.0,3465000.0
UBNK,2017-09-30,False,Q3,2017,10-Q,68872000.0,,15191000.0,0.3,0.3,0.0,6976496000.0,,,59456000.0,690653000.0,17731000.0,-330562000.0,320404000.0,,115281000.0,14219000.0
UBNK,2016-09-30,False,Q3,2016,10-Q,61225000.0,,14159000.0,0.28,0.28,0.0,6544855000.0,,,51951000.0,656240000.0,-45875000.0,-80262000.0,245207000.0,,115281000.0,1879000.0
UBNK,2018-09-30,False,Q3,2018,10-Q,79746000.0,,16308000.0,0.32,0.32,0.0,7207498000.0,,,48786000.0,709818000.0,76665000.0,-134485000.0,47747000.0,74200000.0,115300000.0,5934000.0
UBNK,2017-06-30,False,Q2,2017,10-Q,68038000.0,,16200000.0,0.32,0.32,0.0,6876163000.0,,,57137000.0,679464000.0,-76056000.0,-181348000.0,241311000.0,,115281000.0,6208000.0
UBNK,2018-03-31,False,Q1,2018,10-Q,72783000.0,,15787000.0,0.31,0.31,0.12,7068674000.0,,,45332000.0,693000000.0,69772000.0,-35259000.0,-53939000.0,74200000.0,115300000.0,2061000.0
UBNK,2017-12-31,False,FY,2017,10-K,269654000.0,,54618000.0,1.09,1.07,0.48,7114159000.0,,,56661000.0,693328000.0,13145000.0,-470082000.0,454661000.0,74100000.0,115281000.0,23131000.0
UBNK,2018-06-30,False,Q2,2018,10-Q,75490000.0,,15646000.0,0.31,0.31,0.0,7208596000.0,,,62188000.0,701877000.0,63029000.0,-109277000.0,66755000.0,74200000.0,115300000.0,3977000.0
