symbol,end_date,amend,period_focus,fiscal_year,doc_type,revenues,op_income,net_income,eps_basic,eps_diluted,dividend,assets,cur_assets,cur_liab,cash,equity,cash_flow_op,cash_flow_inv,cash_flow_fin,debt,goodwill,cap_ex
UBNT,2016-06-30,False,FY,2016,10-K,666395000.0,242055000.0,213616000.0,2.53,2.49,0.0,748051000.0,728641000.0,90920000.0,551031000.0,440376000.0,197508000.0,-6248000.0,-86630000.0,203500000.0,,6248000.0
UBNT,2014-12-31,False,Q2,2014,10-Q,153137000.0,50723000.0,46265000.0,0.52,0.52,0.0,553373000.0,536594000.0,70290000.0,388603000.0,392354000.0,79618000.0,-8391000.0,-29721000.0,72254000.0,,8391000.0
UBNT,2016-03-31,False,Q3,2016,10-Q,167433000.0,60138000.0,52699000.0,0.63,0.62,0.0,658354000.0,641428000.0,57315000.0,502549000.0,431453000.0,151944000.0,-4820000.0,-90976000.0,156000000.0,,4820000.0
UBNT,2015-09-30,False,Q1,2016,10-Q,151415000.0,59835000.0,53759000.0,0.62,0.61,0.0,583900000.0,564587000.0,63295000.0,436080000.0,413733000.0,47727000.0,-1830000.0,-56218000.0,95000000.0,518000.0,1830000.0
UBNT,2016-09-30,False,Q1,2017,10-Q,204757000.0,74902000.0,71788000.0,0.88,0.86,0.0,803973000.0,785602000.0,77121000.0,573644000.0,512981000.0,32769000.0,-1064000.0,-9092000.0,201000000.0,,1064000.0
UBNT,2017-09-30,False,Q1,2018,10-Q,245868000.0,87063000.0,74925000.0,0.93,0.92,0.0,983743000.0,962658000.0,106927000.0,631810000.0,561211000.0,96920000.0,-2932000.0,-66376000.0,298500000.0,,2932000.0
UBNT,2016-12-31,False,Q2,2017,10-Q,213536000.0,69800000.0,60608000.0,0.74,0.72,0.0,905438000.0,886592000.0,119278000.0,612725000.0,574606000.0,75671000.0,-2836000.0,-11141000.0,198500000.0,,2836000.0
UBNT,2015-12-31,False,Q2,2016,10-Q,161871000.0,56436000.0,49452000.0,0.58,0.57,0.0,636755000.0,619940000.0,70556000.0,496672000.0,427567000.0,125074000.0,-3022000.0,-71781000.0,125500000.0,,3022000.0
UBNT,2017-03-31,False,Q3,2017,10-Q,218359000.0,73409000.0,64432000.0,0.79,0.77,0.0,882031000.0,862711000.0,99103000.0,533944000.0,543038000.0,65895000.0,-5704000.0,-77278000.0,226000000.0,,5704000.0
UBNT,2011-09-30,False,Q1,2012,10-Q,79167000.0,27500000.0,-81234000.0,-1.3,-1.3,0.0,119305000.0,115194000.0,49538000.0,52576000.0,-134612000.0,15719000.0,-205000.0,-39299000.0,,,205000.0
UBNT,2017-12-31,False,Q2,2018,10-Q,250811000.0,66080000.0,-51459000.0,-0.66,-0.66,0.0,1168328000.0,1147640000.0,104878000.0,823776000.0,476030000.0,165666000.0,-6195000.0,60107000.0,468250000.0,,6195000.0
UBNT,2015-03-31,False,Q3,2015,10-Q,147456000.0,45231000.0,41137000.0,0.47,0.46,0.0,619285000.0,601191000.0,74379000.0,451159000.0,435377000.0,116344000.0,-10817000.0,-1465000.0,100000000.0,,10817000.0
UBNT,2011-12-31,False,Q2,2012,10-Q,87817000.0,31176000.0,14428000.0,0.16,0.16,0.0,144160000.0,141521000.0,41069000.0,64844000.0,75081000.0,19970000.0,-1110000.0,-30377000.0,,,1110000.0
UBNT,2014-09-30,False,Q1,2015,10-Q,150087000.0,43634000.0,37743000.0,0.43,0.42,0.0,531320000.0,518266000.0,82031000.0,391016000.0,359817000.0,46942000.0,-3461000.0,438000.0,72254000.0,,3461000.0
UBNT,2017-06-30,False,FY,2017,10-K,865268000.0,289761000.0,257506000.0,3.16,3.09,0.0,972711000.0,952334000.0,98488000.0,604198000.0,601764000.0,112036000.0,-7232000.0,-51637000.0,257250000.0,,7232000.0
UBNT,2018-03-31,False,Q3,2018,10-Q,250404000.0,84870000.0,102739000.0,1.34,1.32,0.0,1040820000.0,1019493000.0,152476000.0,690806000.0,285909000.0,285109000.0,-7318000.0,-191183000.0,493750000.0,,7318000.0
UBNT,2012-03-31,False,Q3,2012,10-Q,91665000.0,32556000.0,27920000.0,0.3,0.3,0.0,177515000.0,174545000.0,47770000.0,94200000.0,103387000.0,51703000.0,-1617000.0,-32247000.0,,,1617000.0
UBNT,2012-06-30,False,FY,2012,10-K,353517000.0,125292000.0,-9842000.0,-0.12,-0.12,0.0,213736000.0,207897000.0,52435000.0,122060000.0,130951000.0,81788000.0,-3310000.0,-32779000.0,,,3310000.0
UBNT,2012-09-30,False,Q1,2013,10-Q,61535000.0,15775000.0,13179000.0,0.14,0.14,0.0,211156000.0,204305000.0,44970000.0,132486000.0,113616000.0,23695000.0,-2349000.0,-10920000.0,50000000.0,,2349000.0
UBNT,2013-06-30,False,FY,2013,10-K,320823000.0,92604000.0,80490000.0,0.91,0.89,0.18,292340000.0,283474000.0,59421000.0,227826000.0,147436000.0,131891000.0,-5363000.0,-20762000.0,76250000.0,,5363000.0
UBNT,2013-03-31,False,Q3,2013,10-Q,83155000.0,23503000.0,20667000.0,0.24,0.23,0.0,251823000.0,243638000.0,56696000.0,181689000.0,115042000.0,85684000.0,-4408000.0,-21647000.0,77500000.0,,4408000.0
UBNT,2012-12-31,False,Q2,2013,10-Q,74901000.0,20119000.0,17803000.0,0.2,0.2,0.18,230179000.0,222479000.0,55247000.0,148301000.0,93604000.0,50525000.0,-3467000.0,-20817000.0,78750000.0,,3467000.0
UBNT,2015-06-30,False,FY,2015,10-K,595947000.0,146878000.0,129663000.0,1.47,1.45,0.17,600572000.0,581346000.0,70134000.0,446401000.0,422154000.0,134547000.0,-12724000.0,-22519000.0,97500000.0,,12724000.0
UBNT,2013-09-30,False,Q1,2014,10-Q,129687000.0,45896000.0,40528000.0,0.46,0.45,0.0,343447000.0,334908000.0,67810000.0,279729000.0,190864000.0,51880000.0,-460000.0,483000.0,75000000.0,,460000.0
UBNT,2014-03-31,False,Q3,2014,10-Q,148331000.0,50135000.0,45199000.0,0.51,0.5,0.0,434573000.0,424737000.0,67863000.0,291670000.0,283889000.0,65534000.0,-3244000.0,1554000.0,72500000.0,,3244000.0
UBNT,2013-12-31,False,Q2,2014,10-Q,138439000.0,47120000.0,41792000.0,0.48,0.47,0.0,392544000.0,382642000.0,73111000.0,305553000.0,235030000.0,79504000.0,-1962000.0,185000.0,73750000.0,,1962000.0
UBNT,2018-09-30,False,Q1,2019,10-Q,282905000.0,99618000.0,85703000.0,1.16,1.16,0.0,1003497000.0,931746000.0,152160000.0,480812000.0,270639000.0,93941000.0,-148119000.0,-131691000.0,481250000.0,,4035000.0
UBNT,2018-06-30,False,FY,2018,10-K,1016861000.0,326127000.0,196290000.0,2.54,2.51,0.0,1022577000.0,1001352000.0,112916000.0,666681000.0,315748000.0,332047000.0,-9115000.0,-260449000.0,487500000.0,,9115000.0
UBNT,2014-06-30,False,FY,2014,10-K,572464000.0,195945000.0,176937000.0,2.02,1.97,0.0,476151000.0,465724000.0,52315000.0,347097000.0,335264000.0,121327000.0,-4045000.0,1989000.0,72254000.0,,4045000.0
