symbol,end_date,amend,period_focus,fiscal_year,doc_type,revenues,op_income,net_income,eps_basic,eps_diluted,dividend,assets,cur_assets,cur_liab,cash,equity,cash_flow_op,cash_flow_inv,cash_flow_fin,debt,goodwill,cap_ex
UBSH,2018-12-31,False,FY,2018,10-K,53469000.0,,146248000.0,2.22,2.22,0.88,13765599000.0,,,166927000.0,1924581000.0,216765000.0,-770039000.0,615100000.0,668481000.0,727200000.0,
UBSH,2011-06-30,False,Q2,2011,10-Q,57719000.0,,6293000.0,0.24,0.24,0.0,3851524000.0,,,61465000.0,443116000.0,57806000.0,-3007000.0,-52719000.0,155136000.0,59400000.0,
UBSH,2011-09-30,False,Q3,2011,10-Q,59150000.0,,8543000.0,0.33,0.33,0.0,3914457000.0,,,62546000.0,451581000.0,75645000.0,25704000.0,-12725000.0,155258000.0,59400000.0,
UBSH,2011-12-31,False,FY,2011,10-K,232850000.0,,27769000.0,1.07,1.07,0.28,3907087000.0,,,69786000.0,421639000.0,70535000.0,-17364000.0,-17665000.0,155381000.0,59400000.0,
UBSH,2012-03-31,False,Q1,2012,10-Q,57692000.0,,7923000.0,0.31,0.31,0.07,3947799000.0,,,62345000.0,426104000.0,24537000.0,-36227000.0,26214000.0,155503000.0,59400000.0,
UBSH,2012-06-30,False,Q2,2012,10-Q,59714000.0,,8420000.0,0.32,0.32,0.0,3982288000.0,,,57245000.0,433436000.0,15214000.0,-89492000.0,50003000.0,155625000.0,59400000.0,
UBSH,2012-09-30,False,Q3,2012,10-Q,61055000.0,,9626000.0,0.37,0.37,0.0,4028193000.0,,,52095000.0,442949000.0,-16228000.0,-105841000.0,87744000.0,136260000.0,59400000.0,
UBSH,2013-03-31,False,Q1,2013,10-Q,53120000.0,,8983000.0,0.36,0.36,0.13,4051135000.0,,,52017000.0,430773000.0,62607000.0,-10347000.0,-58269000.0,137364000.0,59400000.0,
UBSH,2014-03-31,False,Q1,2014,10-Q,82408000.0,,7815000.0,0.17,0.17,0.14,7294637000.0,,,117189000.0,982513000.0,51066000.0,104644000.0,-86483000.0,298417000.0,296876000.0,
UBSH,2013-06-30,False,Q2,2013,10-Q,53985000.0,,9463000.0,0.38,0.38,0.0,4056557000.0,,,59867000.0,428429000.0,90878000.0,-53195000.0,-49038000.0,137919000.0,59400000.0,
UBSH,2012-12-31,False,FY,2012,10-K,222931000.0,,35411000.0,1.37,1.37,0.37,4095865000.0,,,71426000.0,435863000.0,-31693000.0,-131997000.0,149933000.0,136815000.0,59400000.0,
UBSH,2013-12-31,False,FY,2013,10-K,210855000.0,,34496000.0,1.38,1.38,0.54,4176571000.0,,,66090000.0,438239000.0,157029000.0,-218690000.0,51782000.0,139049000.0,59400000.0,
UBSH,2015-06-30,False,Q2,2015,10-Q,86066000.0,,15348000.0,0.34,0.34,0.17,7497706000.0,,,109480000.0,988134000.0,40110000.0,-160584000.0,124047000.0,300294000.0,293522000.0,
UBSH,2013-09-30,False,Q3,2013,10-Q,52057000.0,,7946000.0,0.32,0.32,0.0,4047108000.0,,,65703000.0,433671000.0,138616000.0,-75649000.0,-70787000.0,138483000.0,59400000.0,
UBSH,2014-06-30,False,Q2,2014,10-Q,85338000.0,,14780000.0,0.32,0.32,0.0,7307080000.0,,,136799000.0,976969000.0,48894000.0,130774000.0,-93811000.0,298786000.0,296876000.0,
UBSH,2015-03-31,False,Q1,2015,10-Q,82654000.0,,15701000.0,0.35,0.35,0.15,7388559000.0,,,112793000.0,986916000.0,20578000.0,-27675000.0,11199000.0,299914000.0,293522000.0,
UBSH,2016-03-31,False,Q1,2016,10-Q,86663000.0,,16961000.0,0.38,0.38,0.19,7832611000.0,,,95462000.0,980978000.0,22416000.0,-151111000.0,119374000.0,291662000.0,293522000.0,
UBSH,2015-09-30,False,Q3,2015,10-Q,86725000.0,,18216000.0,0.4,0.4,0.17,7594313000.0,,,102955000.0,995012000.0,79164000.0,-222017000.0,188787000.0,290732000.0,293522000.0,
UBSH,2016-06-30,False,Q2,2016,10-Q,90774000.0,,19337000.0,0.44,0.44,0.19,8100561000.0,,,128896000.0,989201000.0,43658000.0,-326722000.0,357438000.0,274547000.0,297659000.0,
UBSH,2017-03-31,False,Q1,2017,10-Q,95479000.0,,19124000.0,0.44,0.44,0.2,8669920000.0,,,120216000.0,1015631000.0,50476000.0,-259394000.0,213500000.0,413779000.0,298191000.0,
UBSH,2016-09-30,False,Q3,2016,10-Q,93383000.0,,20401000.0,0.47,0.47,0.19,8258230000.0,,,103979000.0,1000964000.0,70075000.0,-539144000.0,482584000.0,259902000.0,298191000.0,
UBSH,2017-06-30,False,Q2,2017,10-Q,99277000.0,,17956000.0,0.41,0.41,0.2,8915187000.0,,,135759000.0,1030869000.0,47858000.0,-488929000.0,443744000.0,434260000.0,298191000.0,
UBSH,2015-12-31,False,FY,2015,10-K,73532000.0,,67079000.0,1.49,1.49,0.68,7693291000.0,,,111323000.0,995367000.0,108843000.0,-375286000.0,275843000.0,291198000.0,293522000.0,
UBSH,2016-12-31,False,FY,2016,10-K,84760000.0,,77476000.0,1.77,1.77,0.77,8426793000.0,,,120758000.0,1001032000.0,93843000.0,-715117000.0,657851000.0,413308000.0,298200000.0,
UBSH,2014-09-30,False,Q3,2014,10-Q,86333000.0,,14924000.0,0.33,0.33,0.0,7194334000.0,,,112891000.0,977673000.0,108173000.0,188922000.0,-221426000.0,299162000.0,296876000.0,
UBSH,2014-12-31,False,FY,2014,10-K,336232000.0,,52591000.0,1.14,1.14,0.58,7359171000.0,,,112752000.0,978025000.0,125184000.0,6303000.0,-71250000.0,299542000.0,293522000.0,
UBSH,2017-09-30,False,Q3,2017,10-Q,102386000.0,,20658000.0,0.47,0.47,0.2,9029436000.0,,,115776000.0,1041371000.0,95363000.0,-630978000.0,533339000.0,434750000.0,298191000.0,
UBSH,2018-09-30,False,Q3,2018,10-Q,151250000.0,,38197000.0,0.58,0.58,0.23,13371742000.0,,,143693000.0,1880029000.0,146638000.0,-356833000.0,293034000.0,497768000.0,727699000.0,
UBSH,2018-03-31,False,Q1,2018,10-Q,146963000.0,,16639000.0,0.25,0.25,0.21,13149292000.0,,,137761000.0,1831077000.0,35763000.0,-37819000.0,145146000.0,481433000.0,724106000.0,
UBSH,2018-06-30,False,Q2,2018,10-Q,173006000.0,,47327000.0,0.72,0.72,0.21,13066106000.0,,,153078000.0,1864870000.0,53893000.0,309128000.0,15659000.0,507077000.0,725195000.0,
UBSH,2017-12-31,False,FY,2017,10-K,34661000.0,,72923000.0,1.67,1.67,0.81,9315179000.0,,,117586000.0,1046329000.0,110333000.0,-885753000.0,795556000.0,425262000.0,298528000.0,
