symbol,end_date,amend,period_focus,fiscal_year,doc_type,revenues,op_income,net_income,eps_basic,eps_diluted,dividend,assets,cur_assets,cur_liab,cash,equity,cash_flow_op,cash_flow_inv,cash_flow_fin,debt,goodwill,cap_ex
UIHC,2013-03-31,False,Q1,2013,10-Q,44170000.0,7084000.0,4351000.0,0.27,0.27,0.03,327783000.0,,,64906000.0,95702000.0,32133000.0,-41244000.0,2812000.0,,,
UIHC,2012-06-30,False,Q2,2012,10-Q,31564000.0,5531000.0,2991000.0,0.29,0.29,0.0,366029000.0,,,92130000.0,63121000.0,53260000.0,-1806000.0,-963000.0,16471000.0,,
UIHC,2012-03-31,False,Q1,2012,10-Q,29503000.0,7459000.0,4748000.0,0.46,0.0,0.05,241338000.0,,,58254000.0,59559000.0,19068000.0,-1826000.0,-627000.0,16765000.0,,
UIHC,2018-09-30,False,Q3,2018,10-Q,187652000.0,-15889000.0,-11708000.0,-0.27,-0.27,0.06,2322229000.0,,,240950000.0,548878000.0,112552000.0,-103139000.0,20393000.0,,73045000.0,2675000.0
UIHC,2012-12-31,False,FY,2012,10-K,131234000.0,15229000.0,9705000.0,0.91,0.91,0.08,313614000.0,,,71205000.0,87986000.0,34312000.0,-25894000.0,21148000.0,15882000.0,,0.0
UIHC,2013-09-30,False,Q3,2013,10-Q,51817000.0,6723000.0,4131000.0,0.26,0.26,0.03,447915000.0,,,54318000.0,100864000.0,78483000.0,-98591000.0,3221000.0,,,
UIHC,2011-12-31,False,FY,2011,10-K,96418000.0,13191000.0,8088000.0,0.77,0.77,0.05,240215000.0,,,41639000.0,54989000.0,38649000.0,-68155000.0,-499000.0,17059000.0,,20000.0
UIHC,2012-06-30,False,Q2,2012,10-Q,,,,,,0.0,,,,,,,,,,,
UIHC,2014-03-31,False,Q1,2014,10-Q,67507000.0,17680000.0,11389000.0,0.65,0.65,0.04,484885000.0,,,57146000.0,173654000.0,17134000.0,-47796000.0,52920000.0,,,869000.0
UIHC,2014-06-30,False,Q2,2014,10-Q,67704000.0,15410000.0,9590000.0,0.46,0.46,0.04,636865000.0,,,79738000.0,184391000.0,48019000.0,-54846000.0,51677000.0,,,1295000.0
UIHC,2013-12-31,False,FY,2013,10-K,208080000.0,34486000.0,20342000.0,1.26,1.26,0.12,441230000.0,,,34888000.0,107587000.0,107766000.0,-144154000.0,71000.0,14706000.0,,288000.0
UIHC,2014-12-31,False,FY,2014,10-K,280230000.0,64333000.0,41013000.0,2.06,2.05,0.16,584169000.0,,,61391000.0,203763000.0,68918000.0,-91466000.0,49051000.0,13529000.0,,6346000.0
UIHC,2014-09-30,False,Q3,2014,10-Q,68847000.0,13523000.0,8640000.0,0.42,0.41,0.04,612670000.0,,,83318000.0,191582000.0,59199000.0,-61318000.0,50549000.0,,,1948000.0
UIHC,2013-06-30,False,Q2,2013,10-Q,48652000.0,7246000.0,4509000.0,0.28,0.28,0.03,467139000.0,,,50815000.0,96932000.0,70309000.0,-94706000.0,4007000.0,,,
UIHC,2011-09-30,False,Q3,2011,10-Q,25493000.0,5855000.0,3650000.0,0.35,0.35,0.0,286133000.0,,,49703000.0,51788000.0,54754000.0,-78193000.0,1498000.0,17353000.0,,0.0
UIHC,2011-06-30,False,Q2,2011,10-Q,23995000.0,499000.0,89000.0,0.01,0.01,0.0,320288000.0,,,46960000.0,46638000.0,49575000.0,-76144000.0,1885000.0,17647000.0,,0.0
UIHC,2015-03-31,False,Q1,2015,10-Q,82396000.0,214000.0,198000.0,0.01,0.01,0.05,603595000.0,,,68802000.0,217752000.0,18783000.0,-7686000.0,-3686000.0,,5237000.0,2506000.0
UIHC,2015-09-30,False,Q3,2015,10-Q,89806000.0,12877000.0,8083000.0,0.38,0.38,0.05,780680000.0,,,84341000.0,227183000.0,83195000.0,-53710000.0,-6535000.0,,4196000.0,8218000.0
UIHC,2015-06-30,False,Q2,2015,10-Q,85340000.0,8126000.0,5275000.0,0.25,0.25,0.05,789701000.0,,,105752000.0,219457000.0,53354000.0,-3844000.0,-5149000.0,,4196000.0,4705000.0
UIHC,2016-06-30,False,Q2,2016,10-Q,120921000.0,15162000.0,9841000.0,0.46,0.45,0.06,996760000.0,,,136209000.0,259156000.0,52519000.0,-3032000.0,1936000.0,,15544000.0,2379000.0
UIHC,2016-09-30,False,Q3,2016,10-Q,127202000.0,5030000.0,3423000.0,0.16,0.16,0.06,974415000.0,,,139556000.0,259475000.0,89319000.0,-34835000.0,286000.0,,13519000.0,2726000.0
UIHC,2015-12-31,False,FY,2015,10-K,357569000.0,41566000.0,27358000.0,1.29,1.28,0.2,740021000.0,,,84786000.0,239211000.0,98319000.0,-67015000.0,-7909000.0,12353000.0,3413000.0,10916000.0
UIHC,2017-06-30,False,Q2,2017,10-Q,178073000.0,12630000.0,7257000.0,0.17,0.17,0.06,1821271000.0,,,254171000.0,529462000.0,58386000.0,65109000.0,-20012000.0,,59679000.0,3797000.0
UIHC,2017-03-31,False,Q1,2017,10-Q,122633000.0,5900000.0,3899000.0,0.18,0.18,0.06,950885000.0,,,124219000.0,247107000.0,-4931000.0,-9978000.0,-11560000.0,,14254000.0,208000.0
UIHC,2016-03-31,False,Q1,2016,10-Q,107561000.0,4309000.0,2951000.0,0.14,0.14,0.05,740852000.0,,,126409000.0,245192000.0,40860000.0,2235000.0,-1472000.0,,3413000.0,1440000.0
UIHC,2016-12-31,False,FY,2016,10-K,487117000.0,6903000.0,5698000.0,0.27,0.26,0.23,999686000.0,,,150688000.0,241327000.0,65747000.0,-49757000.0,49912000.0,54175000.0,14254000.0,3149000.0
UIHC,2017-09-30,False,Q3,2017,10-Q,171128000.0,-45523000.0,-28012000.0,-0.66,-0.66,0.06,2183222000.0,,,280268000.0,501216000.0,84337000.0,60872000.0,-15629000.0,,59679000.0,4243000.0
UIHC,2018-03-31,False,Q1,43101,10-Q,180127000.0,11645000.0,8369000.0,0.2,0.2,0.06,2066393000.0,,,216703000.0,535080000.0,-15768000.0,-53848000.0,10044000.0,,73045000.0,1010000.0
UIHC,2018-06-30,False,Q2,43101,10-Q,183148000.0,19316000.0,14701000.0,0.34,0.34,0.0,2317662000.0,,,208675000.0,544734000.0,78587000.0,-106707000.0,-5954000.0,,73045000.0,2014000.0
UIHC,2017-12-31,False,FY,2017,10-K,654420000.0,757000.0,10145000.0,0.27,0.27,0.24,2059921000.0,,,276275000.0,537125000.0,14309000.0,-7344000.0,118622000.0,164651000.0,73045000.0,5237000.0
