symbol,end_date,amend,period_focus,fiscal_year,doc_type,revenues,op_income,net_income,eps_basic,eps_diluted,dividend,assets,cur_assets,cur_liab,cash,equity,cash_flow_op,cash_flow_inv,cash_flow_fin,debt,goodwill,cap_ex
UMBF,2012-03-31,False,Q1,2012,10-Q,217034000.0,,46367000.0,1.16,1.15,0.205,13641157000.0,,,403575000.0,1212671000.0,10151000.0,-252255000.0,109659000.0,5423000.0,211114000.0,6880000.0
UMBF,2010-03-31,False,Q1,2010,10-Q,172531000.0,,26185000.0,0.65,0.65,0.185,10724056000.0,,,319966000.0,1029451000.0,45945000.0,414021000.0,-949309000.0,24212000.0,131356000.0,3096000.0
UMBF,2010-06-30,False,Q2,2010,10-Q,175833000.0,,23013000.0,0.57,0.57,0.185,11062280000.0,,,311171000.0,1068498000.0,92825000.0,112362000.0,-677191000.0,9316000.0,131356000.0,10494000.0
UMBF,2011-12-31,False,FY,2011,10-K,72116000.0,,106472000.0,2.66,2.64,0.79,13541398000.0,,,446580000.0,1191132000.0,213043000.0,-722372000.0,935343000.0,6529000.0,211114000.0,35557000.0
UMBF,2011-03-31,False,Q1,2011,10-Q,193723000.0,,30870000.0,0.77,0.76,0.195,13352320000.0,,,309741000.0,1078989000.0,71649000.0,148917000.0,925773000.0,7718000.0,211114000.0,7187000.0
UMBF,2010-09-30,False,Q3,2010,10-Q,176975000.0,,22773000.0,0.57,0.57,0.185,11340041000.0,,,332699000.0,1090180000.0,138901000.0,-92983000.0,-475138000.0,9040000.0,163584000.0,19755000.0
UMBF,2011-06-30,False,Q2,2011,10-Q,194407000.0,,26321000.0,0.66,0.65,0.195,12770576000.0,,,347369000.0,1132956000.0,118731000.0,157776000.0,275725000.0,7545000.0,211114000.0,15210000.0
UMBF,2011-09-30,False,Q3,2011,10-Q,186581000.0,,26015000.0,0.65,0.64,0.195,12139084000.0,,,571200000.0,1170299000.0,132882000.0,-173401000.0,-421898000.0,7841000.0,211114000.0,26780000.0
UMBF,2012-06-30,False,Q2,2012,10-Q,195576000.0,,29165000.0,0.73,0.72,0.205,13182662000.0,,,402893000.0,1251998000.0,95111000.0,-493415000.0,-419868000.0,5260000.0,211114000.0,20303000.0
UMBF,2013-03-31,False,Q1,2013,10-Q,204918000.0,,34941000.0,0.88,0.87,0.215,15705470000.0,,,319535000.0,1285558000.0,35345000.0,-237232000.0,763307000.0,4393000.0,209758000.0,8011000.0
UMBF,2013-06-30,False,Q2,2013,10-Q,199797000.0,,29929000.0,0.75,0.74,0.215,15253217000.0,,,415489000.0,1226472000.0,121922000.0,-904476000.0,415332000.0,4063000.0,209758000.0,17389000.0
UMBF,2013-09-30,False,Q3,2013,10-Q,210721000.0,,34432000.0,0.85,0.83,0.215,16184233000.0,,,604592000.0,1463655000.0,193114000.0,-910672000.0,1291346000.0,5130000.0,209758000.0,26997000.0
UMBF,2012-09-30,False,Q3,2012,10-Q,191300000.0,,26125000.0,0.65,0.64,0.205,13285845000.0,,,397339000.0,1294175000.0,177059000.0,-701696000.0,-393520000.0,5632000.0,209758000.0,31516000.0
UMBF,2012-12-31,False,FY,2012,10-K,106833000.0,,122717000.0,3.07,3.04,0.83,14927196000.0,,,667774000.0,1279345000.0,223744000.0,-1541531000.0,1224550000.0,5879000.0,209758000.0,44038000.0
UMBF,2010-12-31,False,FY,2010,10-K,706877000.0,,91002000.0,2.27,2.26,0.75,12404932000.0,,,356092000.0,1060860000.0,179994000.0,-979217000.0,603195000.0,8884000.0,211114000.0,32592000.0
UMBF,2018-12-31,False,FY,2018,10-K,98759000.0,,195513000.0,3.97,3.93,1.17,23351119000.0,,,645123000.0,2228470000.0,297097000.0,-1750293000.0,1411055000.0,82671000.0,180867000.0,57940000.0
UMBF,2014-06-30,False,Q2,2014,10-Q,223790000.0,,34672000.0,0.77,0.76,0.225,15562690000.0,,,639878000.0,1601342000.0,90578000.0,-436737000.0,-1452750000.0,5745000.0,209758000.0,19261000.0
UMBF,2014-03-31,False,Q1,2014,10-Q,212011000.0,,23413000.0,0.52,0.52,0.225,15945830000.0,,,593956000.0,1542198000.0,-17944000.0,-286494000.0,-999087000.0,5815000.0,209758000.0,6926000.0
UMBF,2013-12-31,False,FY,2013,10-K,88580000.0,,133965000.0,3.25,3.2,0.87,16911852000.0,,,521001000.0,1506065000.0,295198000.0,-1020848000.0,1941684000.0,5055000.0,209758000.0,38313000.0
UMBF,2014-09-30,False,Q3,2014,10-Q,217292000.0,,35630000.0,0.79,0.78,0.225,16284028000.0,,,395956000.0,1615349000.0,181623000.0,-766994000.0,-776837000.0,7067000.0,209758000.0,35219000.0
UMBF,2015-03-31,False,Q1,2015,10-Q,219160000.0,,33765000.0,0.75,0.74,0.235,16730123000.0,,,449315000.0,1682376000.0,22309000.0,25851000.0,-800518000.0,7600000.0,209758000.0,14854000.0
UMBF,2014-12-31,False,FY,2014,10-K,68710000.0,,120655000.0,2.69,2.65,0.91,17500960000.0,,,444299000.0,1643758000.0,30331000.0,-24046000.0,-36259000.0,8810000.0,209758000.0,44790000.0
UMBF,2015-06-30,False,Q2,2015,10-Q,221434000.0,,30214000.0,0.65,0.65,0.235,18418727000.0,,,490171000.0,1857056000.0,105735000.0,-401251000.0,-479858000.0,88346000.0,228217000.0,29479000.0
UMBF,2016-06-30,False,Q2,2016,10-Q,249344000.0,,37297000.0,0.76,0.76,0.245,19734076000.0,,,355732000.0,2002732000.0,82232000.0,-769251000.0,493756000.0,85320000.0,228396000.0,17526000.0
UMBF,2016-03-31,False,Q1,2016,10-Q,240436000.0,,36245000.0,0.74,0.74,0.245,19302913000.0,,,325446000.0,1947959000.0,27746000.0,-412378000.0,164638000.0,85238000.0,228396000.0,8499000.0
UMBF,2017-03-31,False,Q1,2017,10-Q,265470000.0,,44181000.0,0.9,0.89,0.255,20576137000.0,,,373671000.0,2010878000.0,16668000.0,-228433000.0,-155572000.0,76104000.0,228396000.0,4985000.0
UMBF,2016-09-30,False,Q3,2016,10-Q,253986000.0,,41946000.0,0.86,0.85,0.245,19726146000.0,,,354184000.0,2024628000.0,169767000.0,-708052000.0,429767000.0,75418000.0,228396000.0,38950000.0
UMBF,2015-09-30,False,Q3,2015,10-Q,224327000.0,,22451000.0,0.46,0.46,0.235,18597965000.0,,,339592000.0,1900857000.0,172723000.0,-572303000.0,-356850000.0,83534000.0,227962000.0,42100000.0
UMBF,2016-12-31,False,FY,2016,10-K,101357000.0,,158801000.0,3.25,3.22,0.99,20682532000.0,,,422117000.0,1962384000.0,50356000.0,-11040000.0,-48494000.0,76772000.0,228396000.0,50841000.0
UMBF,2018-03-31,False,Q1,2018,10-Q,273190000.0,,56786000.0,1.15,1.14,0.29,20987904000.0,,,279838000.0,2167386000.0,19619000.0,-79755000.0,-726672000.0,78687000.0,180867000.0,8639000.0
UMBF,2017-09-30,False,Q3,2017,10-Q,262201000.0,,48142000.0,0.98,0.97,0.255,20279503000.0,,,366169000.0,2101543000.0,244290000.0,-146529000.0,-613512000.0,76071000.0,180867000.0,24748000.0
UMBF,2017-12-31,False,FY,2017,10-K,109081000.0,,247105000.0,5.02,4.96,1.04,21771583000.0,,,392723000.0,2181531000.0,326526000.0,-478578000.0,804347000.0,79281000.0,180867000.0,36447000.0
UMBF,2017-06-30,False,Q2,2017,10-Q,261517000.0,,42821000.0,0.87,0.86,0.255,20353599000.0,,,379148000.0,2071119000.0,119247000.0,-57021000.0,-464643000.0,76083000.0,180867000.0,11323000.0
UMBF,2018-09-30,False,Q3,2018,10-Q,285982000.0,,57849000.0,1.17,1.16,0.29,21462360000.0,,,348700000.0,2203464000.0,224086000.0,-540020000.0,-415635000.0,78523000.0,180867000.0,36731000.0
UMBF,2015-12-31,False,FY,2015,10-K,73154000.0,,116073000.0,2.46,2.44,0.95,19094245000.0,,,458217000.0,1893694000.0,26567000.0,8781000.0,-41874000.0,91079000.0,228346000.0,53760000.0
UMBF,2018-06-30,False,Q2,2018,10-Q,276769000.0,,55424000.0,1.12,1.11,0.29,20531470000.0,,,379433000.0,2201812000.0,98815000.0,-82774000.0,-1259880000.0,78692000.0,180867000.0,22152000.0
