symbol,end_date,amend,period_focus,fiscal_year,doc_type,revenues,op_income,net_income,eps_basic,eps_diluted,dividend,assets,cur_assets,cur_liab,cash,equity,cash_flow_op,cash_flow_inv,cash_flow_fin,debt,goodwill,cap_ex
UNAM,2016-06-30,False,Q2,2016,10-Q,8722632.0,,151030.0,0.03,0.03,0.0,141543423.0,,,389690.0,70284594.0,-3866720.0,4011497.0,-89582.0,,,522465.0
UNAM,2016-09-30,False,Q3,2016,10-Q,8998342.0,,-1953497.0,-0.37,-0.37,0.0,140809966.0,,,1215271.0,68322890.0,-5567253.0,6537611.0,-89582.0,,,536584.0
UNAM,2016-03-31,False,Q1,2016,10-Q,8529678.0,,-198987.0,-0.04,-0.04,0.0,141497533.0,,,332725.0,70120552.0,-4757823.0,4845635.0,-89582.0,,,351777.0
UNAM,2015-06-30,False,Q2,2015,10-Q,8313691.0,,112381.0,0.02,0.02,0.0,137003477.0,,,366111.0,71524845.0,-852218.0,932657.0,-23490.0,,,339919.0
UNAM,2015-12-31,False,FY,2015,10-K,33264639.0,,-1182870.0,-0.22,-0.22,0.0,140170435.0,,,334495.0,70342072.0,-7980962.0,8248609.0,-242314.0,,,1339138.0
UNAM,2014-12-31,False,FY,2014,10-K,30470240.0,,846361.0,0.16,0.16,0.0,136015569.0,,,309162.0,71775094.0,2468186.0,-2535412.0,0.0,,,879974.0
UNAM,2015-03-31,False,Q1,2015,10-Q,7832199.0,,-396785.0,-0.07,-0.07,0.0,135555707.0,,,149484.0,71439546.0,-726346.0,566668.0,0.0,,,185287.0
UNAM,2017-09-30,False,Q3,2017,10-Q,9293389.0,,-2927249.0,-0.55,-0.55,0.0,138078496.0,,,230376.0,62954310.0,-6794954.0,-6471049.0,0.0,,,221281.0
UNAM,2015-09-30,False,Q3,2015,10-Q,8451503.0,,-649510.0,-0.12,-0.12,0.0,137534478.0,,,402900.0,70797890.0,-307183.0,518783.0,-117862.0,,,490196.0
UNAM,2017-03-31,False,Q1,2017,10-Q,8960497.0,,-2147252.0,-0.4,-0.4,0.0,138960125.0,,,105739.0,66759665.0,-398415.0,504154.0,0.0,,,35752.0
UNAM,2017-06-30,False,Q2,2017,10-Q,9241306.0,,-890735.0,-0.17,-0.17,0.0,140778797.0,,,212116.0,65869674.0,-1847461.0,1936991.0,0.0,,,95441.0
UNAM,2016-12-31,False,FY,2016,10-K,35267724.0,,-1404277.0,-0.26,-0.26,0.0,138222205.0,,,122586.0,68906640.0,-1409242.0,6736530.0,-89582.0,,,545392.0
UNAM,2017-12-31,False,FY,2017,10-K,36791482.0,,-8724984.0,-1.64,-1.64,0.0,130298758.0,,,774226.0,59945337.0,-7022232.0,-5699921.0,0.0,,,249536.0
UNAM,2018-09-30,True,Q3,2018,10-Q,8161034.0,,-661925.0,-0.12,-0.12,0.0,123591906.0,,,927296.0,55893698.0,-2863113.0,-2090946.0,-216.0,,,95947.0
UNAM,2012-03-31,False,Q1,2012,10-Q,8335186.0,,500370.0,0.09,0.09,0.0,149369717.0,,,156066.0,74926198.0,-720063.0,415716.0,-6674.0,,,103523.0
UNAM,2012-06-30,False,Q2,2012,10-Q,8266835.0,,156775.0,0.03,0.03,0.0,148118979.0,,,296873.0,74778258.0,-2563752.0,3514945.0,-1121407.0,,,370587.0
UNAM,2011-06-30,False,Q2,2011,10-Q,8578999.0,,706687.0,0.13,0.13,0.0,155277975.0,,,70055.0,75225422.0,-1264676.0,1300477.0,-10956.0,,,99089.0
UNAM,2011-12-31,False,FY,2011,10-K,34576701.0,,3739876.0,0.7,0.7,0.0,150375045.0,,,467087.0,75848315.0,-1073100.0,1479571.0,15406.0,,,91607.0
UNAM,2011-09-30,False,Q3,2011,10-Q,9077819.0,,1274652.0,0.24,0.24,0.0,152184453.0,,,71108.0,75944693.0,-699979.0,734965.0,-9088.0,,,49882.0
UNAM,2013-09-30,False,Q3,2013,10-Q,7682727.0,,-368366.0,-0.07,-0.07,0.0,136109916.0,,,164262.0,70182572.0,-2984800.0,2988556.0,0.0,,,587487.0
UNAM,2013-06-30,False,Q2,2013,10-Q,7763234.0,,250207.0,0.05,0.05,0.0,137446161.0,,,87724.0,70570183.0,-829275.0,756493.0,0.0,,,424882.0
UNAM,2012-09-30,False,Q3,2012,10-Q,8228464.0,,745595.0,0.14,0.14,0.0,146878808.0,,,94519.0,75225872.0,-1996388.0,2903045.0,-1279225.0,,,525012.0
UNAM,2013-03-31,False,Q1,2013,10-Q,7949783.0,,8336.0,0.0,0.0,0.0,139029658.0,,,169563.0,70362875.0,86721.0,-77664.0,0.0,,,244888.0
UNAM,2018-03-31,False,Q1,2018,10-Q,8806891.0,,-2207251.0,-0.42,-0.42,0.0,130990312.0,,,262608.0,56842960.0,-1579283.0,1067665.0,0.0,,,37739.0
UNAM,2013-12-31,False,FY,2013,10-K,31130892.0,,603668.0,0.11,0.11,0.0,132853188.0,,,376388.0,70896255.0,-4108304.0,4324186.0,0.0,,,620327.0
UNAM,2014-03-31,False,Q1,2014,10-Q,7440111.0,,591783.0,0.11,0.11,0.0,132960816.0,,,97257.0,71498179.0,412615.0,-691746.0,0.0,,,136271.0
UNAM,2014-09-30,False,Q3,2014,10-Q,7764783.0,,32774.0,0.01,0.01,0.0,135368928.0,,,164254.0,71816404.0,1956322.0,-2168456.0,0.0,,,502067.0
UNAM,2012-12-31,False,FY,2012,10-K,32756570.0,,1953728.0,0.37,0.36,0.0,140008026.0,,,160506.0,70396565.0,-1214159.0,7497858.0,-6590280.0,,,765362.0
UNAM,2018-06-30,False,Q2,2018,10-Q,8643452.0,,168297.0,0.03,0.03,0.0,125499491.0,,,496110.0,56766983.0,-2100724.0,568980.0,0.0,,,84790.0
UNAM,2014-06-30,False,Q2,2014,10-Q,7621768.0,,270006.0,0.05,0.05,0.0,134916598.0,,,104062.0,71777138.0,1453781.0,-1726107.0,0.0,,,313806.0
