symbol,end_date,amend,period_focus,fiscal_year,doc_type,revenues,op_income,net_income,eps_basic,eps_diluted,dividend,assets,cur_assets,cur_liab,cash,equity,cash_flow_op,cash_flow_inv,cash_flow_fin,debt,goodwill,cap_ex
USCR,2012-06-30,False,Q2,2012,10-Q,151084000.0,2284000.0,-308000.0,-0.03,-0.03,0.0,288445000.0,157945000.0,97799000.0,6713000.0,106967000.0,-5651000.0,-1220000.0,9355000.0,72611000.0,1481000.0,2985000.0
USCR,2012-09-30,False,Q3,2012,10-Q,148929000.0,3099000.0,-3211000.0,-0.26,-0.26,0.0,268672000.0,147573000.0,94661000.0,3822000.0,104295000.0,-7942000.0,14322000.0,-6787000.0,58128000.0,2384000.0,4525000.0
USCR,2011-06-30,False,Q2,2011,10-Q,130027000.0,128000.0,2548000.0,0.21,0.21,0.0,282641000.0,137436000.0,95862000.0,4401000.0,104600000.0,-12760000.0,-6039000.0,17910000.0,,1481000.0,5171000.0
USCR,2011-09-30,False,Q3,2011,10-Q,146509000.0,1022000.0,9609000.0,0.8,0.67,0.0,287102000.0,146866000.0,92509000.0,4797000.0,114564000.0,-9706000.0,-6725000.0,15938000.0,,1481000.0,5950000.0
USCR,2018-12-31,False,FY,2018,10-K,1506400000.0,89900000.0,30000000.0,1.82,1.82,0.0,1371300000.0,324100000.0,252900000.0,20000000.0,337200000.0,122800000.0,-91700000.0,-33400000.0,723100000.0,239300000.0,39900000.0
USCR,2011-12-31,False,FY,2011,10-K,495008000.0,15991000.0,-11703000.0,,-0.97,0.0,269654000.0,133900000.0,80902000.0,4229000.0,116080000.0,-1544000.0,-3929000.0,4412000.0,,1481000.0,6361000.0
USCR,2012-03-31,False,Q1,2012,10-Q,123004000.0,-4325000.0,-10230000.0,-0.84,-0.84,0.0,265603000.0,134169000.0,80546000.0,5369000.0,106516000.0,-4403000.0,891000.0,4652000.0,,1481000.0,520000.0
USCR,2013-06-30,False,Q2,2013,10-Q,162520000.0,8861000.0,6675000.0,0.53,0.5,0.0,305100000.0,155330000.0,114447000.0,7149000.0,86405000.0,9411000.0,-9809000.0,2796000.0,90796000.0,10526000.0,8116000.0
USCR,2013-12-31,False,FY,2013,10-K,615000000.0,21256000.0,-20129000.0,-1.42,-1.42,0.0,413990000.0,242226000.0,107148000.0,112667000.0,83727000.0,24180000.0,-26104000.0,109840000.0,200000000.0,11646000.0,19988000.0
USCR,2012-12-31,False,FY,2012,10-K,531047000.0,1217000.0,-25739000.0,-2.11,-2.11,0.0,279724000.0,127766000.0,109201000.0,4751000.0,92524000.0,10722000.0,-4806000.0,-5394000.0,72317000.0,10717000.0,8405000.0
USCR,2013-03-31,False,Q1,2013,10-Q,127741000.0,-2797000.0,-14364000.0,-1.16,-1.16,0.0,279258000.0,131182000.0,92911000.0,4663000.0,77638000.0,-5477000.0,-3603000.0,8992000.0,95570000.0,10521000.0,1848000.0
USCR,2013-09-30,False,Q3,2013,10-Q,173567000.0,12037000.0,-7302000.0,-0.54,-0.54,0.0,312287000.0,155715000.0,128067000.0,7679000.0,88436000.0,26839000.0,-20741000.0,-3170000.0,84059000.0,11726000.0,13365000.0
USCR,2014-03-31,False,Q1,2014,10-Q,146257000.0,3540000.0,-1153000.0,-0.12,-0.12,0.0,415426000.0,237145000.0,110825000.0,96222000.0,83331000.0,-1927000.0,-10985000.0,-3533000.0,200000000.0,13809000.0,10165000.0
USCR,2014-06-30,False,Q2,2014,10-Q,180358000.0,15116000.0,7861000.0,0.58,0.57,0.0,425015000.0,241148000.0,116845000.0,86873000.0,86773000.0,6304000.0,-21770000.0,-10328000.0,200000000.0,14496000.0,19894000.0
USCR,2014-09-30,False,Q3,2014,10-Q,197589000.0,18489000.0,13007000.0,0.96,0.94,0.0,460665000.0,261018000.0,133065000.0,94161000.0,99623000.0,30543000.0,-35897000.0,-13152000.0,200000000.0,16233000.0,29160000.0
USCR,2015-03-31,False,Q1,2015,10-Q,171338000.0,5272000.0,-10484000.0,-0.79,-0.79,0.0,452263000.0,172674000.0,133666000.0,7386000.0,91458000.0,932000.0,-19425000.0,-4323000.0,200000000.0,54569000.0,3546000.0
USCR,2014-12-31,False,FY,2014,10-K,703714000.0,45322000.0,20582000.0,1.52,1.48,0.0,460528000.0,193277000.0,130348000.0,30202000.0,101480000.0,50915000.0,-118478000.0,-14902000.0,200000000.0,50757000.0,32584000.0
USCR,2015-09-30,False,Q3,2015,10-Q,295111000.0,33051000.0,1619000.0,0.11,0.1,0.0,670202000.0,257271000.0,224645000.0,8608000.0,122803000.0,56726000.0,-120386000.0,42066000.0,200000000.0,92385000.0,12763000.0
USCR,2015-06-30,False,Q2,2015,10-Q,244695000.0,20237000.0,9703000.0,0.69,0.64,0.0,599743000.0,230357000.0,192621000.0,15026000.0,116387000.0,35396000.0,-92848000.0,42276000.0,200000000.0,111925000.0,7424000.0
USCR,2016-06-30,False,Q2,2016,10-Q,275750000.0,17089000.0,-3477000.0,-0.23,-0.23,0.0,866178000.0,343141000.0,254157000.0,101116000.0,137037000.0,31610000.0,-66582000.0,132163000.0,400000000.0,114544000.0,22933000.0
USCR,2015-12-31,True,FY,2015,10-K,974717000.0,73866000.0,-5414000.0,-0.38,-0.38,0.0,687846000.0,226289000.0,243060000.0,3925000.0,134007000.0,104261000.0,-157835000.0,27297000.0,200000000.0,100204000.0,24977000.0
USCR,2015-12-31,False,FY,2015,10-K,974717000.0,73866000.0,25500000.0,1.81,1.64,0.0,712902000.0,226496000.0,237202000.0,3925000.0,164921000.0,104261000.0,-157835000.0,27297000.0,200000000.0,100204000.0,24977000.0
USCR,2017-03-31,False,Q1,2017,10-Q,299133000.0,21282000.0,6880000.0,0.44,0.42,0.0,1154142000.0,551343000.0,254075000.0,291824000.0,206663000.0,29544000.0,-12670000.0,199176000.0,0.0,133372000.0,10718000.0
USCR,2016-09-30,False,Q3,2016,10-Q,328588000.0,36157000.0,37956000.0,2.49,2.34,0.0,942224000.0,331757000.0,257431000.0,66020000.0,202459000.0,88505000.0,-153227000.0,126817000.0,400000000.0,141787000.0,31041000.0
USCR,2016-03-31,False,Q1,2016,10-Q,245045000.0,10135000.0,-10027000.0,-0.67,-0.67,0.0,702716000.0,222912000.0,238166000.0,8835000.0,134032000.0,17825000.0,-29739000.0,16824000.0,200000000.0,113750000.0,11220000.0
USCR,2017-06-30,False,Q2,2017,10-Q,340926000.0,30280000.0,-2349000.0,-0.15,-0.15,0.0,1214825000.0,549640000.0,282282000.0,271739000.0,205346000.0,53155000.0,-49814000.0,192624000.0,0.0,135338000.0,18692000.0
USCR,2016-12-31,False,FY,2016,10-K,1168160000.0,87142000.0,8861000.0,0.59,0.55,0.0,945402000.0,341289000.0,270006000.0,75774000.0,188829000.0,112124000.0,-162695000.0,122420000.0,458108000.0,133271000.0,40425000.0
USCR,2018-06-30,False,Q2,2018,10-Q,404200000.0,30643000.0,16265000.0,0.99,0.99,0.0,1366575000.0,345689000.0,244960000.0,21511000.0,317798000.0,47860000.0,-78571000.0,32575000.0,,217316000.0,20837000.0
USCR,2018-03-31,False,Q1,2018,10-Q,327787000.0,7526000.0,-3858000.0,-0.23,-0.23,0.0,1342319000.0,324323000.0,225669000.0,36616000.0,299168000.0,25936000.0,-66657000.0,54836000.0,,220107000.0,8375000.0
USCR,2017-09-30,False,Q3,2017,10-Q,354628000.0,27723000.0,24054000.0,1.5,1.45,0.0,1259701000.0,550374000.0,238627000.0,248263000.0,281791000.0,84246000.0,-96535000.0,184778000.0,0.0,147160000.0,33984000.0
USCR,2017-12-31,False,FY,2017,10-K,1336039000.0,78948000.0,25512000.0,1.6,1.53,0.0,1276134000.0,311685000.0,208441000.0,22581000.0,302142000.0,94827000.0,-334294000.0,186302000.0,704159000.0,204731000.0,42727000.0
USCR,2018-09-30,False,Q3,2018,10-Q,404267000.0,34992000.0,15602000.0,0.95,0.94,0.0,1411022000.0,360471000.0,281502000.0,25182000.0,336528000.0,90216000.0,-86611000.0,-943000.0,,238399000.0,32206000.0
