symbol,end_date,amend,period_focus,fiscal_year,doc_type,revenues,op_income,net_income,eps_basic,eps_diluted,dividend,assets,cur_assets,cur_liab,cash,equity,cash_flow_op,cash_flow_inv,cash_flow_fin,debt,goodwill,cap_ex
UTHR,2011-03-31,False,Q1,2011,10-Q,165619000.0,36883000.0,16390000.0,0.28,0.26,0.0,1485404000.0,810844000.0,441954000.0,288963000.0,924209000.0,53351000.0,-35335000.0,17952000.0,,,6336000.0
UTHR,2011-06-30,False,Q2,2011,10-Q,183751000.0,114493000.0,73891000.0,1.27,1.18,0.0,1578740000.0,877509000.0,453541000.0,321121000.0,1002343000.0,117888000.0,-79547000.0,30013000.0,244269000.0,2589000.0,18883000.0
UTHR,2010-09-30,False,Q3,2010,10-Q,170983000.0,61881000.0,39736000.0,0.7,0.66,0.0,1282784000.0,598484000.0,397465000.0,210186000.0,840731000.0,172280000.0,-145924000.0,83151000.0,,,13199000.0
UTHR,2011-09-30,False,Q3,2011,10-Q,201742000.0,102977000.0,84398000.0,1.45,1.38,0.0,1667053000.0,846133000.0,424951000.0,343984000.0,1084969000.0,198566000.0,-137509000.0,30434000.0,248537000.0,5989000.0,36725000.0
UTHR,2010-12-31,False,FY,2010,10-K,603831000.0,164005000.0,105916000.0,1.89,1.78,0.0,1431635000.0,764487000.0,428686000.0,252162000.0,883886000.0,211532000.0,-209236000.0,146756000.0,,,18640000.0
UTHR,2018-12-31,False,FY,2018,10-K,1627800000.0,805400000.0,589200000.0,13.54,13.39,0.0,3401000000.0,1768000000.0,276600000.0,669200000.0,2788600000.0,778400000.0,-820600000.0,6300000.0,,31500000.0,184400000.0
UTHR,2012-03-31,False,Q1,2012,10-Q,204214000.0,106737000.0,70760000.0,1.32,1.29,0.0,1561435000.0,573919000.0,175542000.0,156666000.0,1024649000.0,37585000.0,-45991000.0,2128000.0,196733000.0,10918000.0,40282000.0
UTHR,2011-12-31,False,FY,2011,10-K,455504000.0,317782000.0,217868000.0,3.81,3.67,0.0,1518079000.0,562455000.0,212577000.0,162676000.0,948488000.0,250195000.0,-121333000.0,-218079000.0,194180000.0,8123000.0,35977000.0
UTHR,2010-06-30,False,Q2,2010,10-Q,137491000.0,60827000.0,37707000.0,0.67,0.62,0.0,1187675000.0,516292000.0,365724000.0,285409000.0,782301000.0,69452000.0,45154000.0,70955000.0,,,9117000.0
UTHR,2012-12-31,False,FY,2012,10-K,514095000.0,421646000.0,304442000.0,5.84,5.71,0.0,1626595000.0,668470000.0,176755000.0,154030000.0,1083981000.0,323628000.0,-163363000.0,-169140000.0,204667000.0,10530000.0,111905000.0
UTHR,2012-09-30,False,Q3,2012,10-Q,242468000.0,80719000.0,78111000.0,1.52,1.46,0.0,1647492000.0,718185000.0,227615000.0,263425000.0,1060831000.0,218419000.0,1336000.0,-119152000.0,201970000.0,10416000.0,90650000.0
UTHR,2012-06-30,False,Q2,2012,10-Q,225577000.0,105587000.0,72316000.0,1.37,1.34,0.0,1556401000.0,570607000.0,187662000.0,157013000.0,1009599000.0,124971000.0,-46278000.0,-84202000.0,199344000.0,10678000.0,83920000.0
UTHR,2013-03-31,False,Q1,2013,10-Q,245136000.0,94037000.0,62325000.0,1.24,1.19,0.0,1697355000.0,844567000.0,176604000.0,262126000.0,1150704000.0,97698000.0,10635000.0,694000.0,207379000.0,10404000.0,4243000.0
UTHR,2014-03-31,False,Q1,2014,10-Q,289403000.0,216140000.0,137524000.0,2.73,2.43,0.0,2114934000.0,990268000.0,658535000.0,413794000.0,1315547000.0,110597000.0,106379000.0,-81917000.0,218739000.0,10699000.0,18676000.0
UTHR,2015-03-31,False,Q1,2015,10-Q,327504000.0,-14826000.0,-16641000.0,-0.36,-0.36,0.0,1894614000.0,994091000.0,646748000.0,426509000.0,1091623000.0,108951000.0,68455000.0,-145477000.0,115222000.0,10264000.0,3980000.0
UTHR,2014-06-30,False,Q2,2014,10-Q,322802000.0,176320000.0,111852000.0,2.35,2.1,0.0,1952872000.0,881608000.0,659073000.0,259046000.0,1173905000.0,56117000.0,188557000.0,-264679000.0,221712000.0,10666000.0,31512000.0
UTHR,2014-09-30,False,Q3,2014,10-Q,329950000.0,-32236000.0,-25237000.0,-0.53,-0.53,0.0,2072050000.0,1078485000.0,760648000.0,497291000.0,1180379000.0,264654000.0,286506000.0,-337255000.0,224701000.0,10362000.0,45157000.0
UTHR,2013-12-31,False,FY,2013,10-K,632599000.0,292499000.0,174560000.0,3.49,3.28,0.0,2087567000.0,909013000.0,687674000.0,278889000.0,1259274000.0,425267000.0,-294974000.0,-5115000.0,215845000.0,10703000.0,31910000.0
UTHR,2014-12-31,False,FY,2014,10-K,744765000.0,538800000.0,340074000.0,7.06,6.28,0.0,1884410000.0,974197000.0,504310000.0,397697000.0,1242356000.0,355259000.0,338465000.0,-576535000.0,126414000.0,10264000.0,47439000.0
UTHR,2013-09-30,False,Q3,2013,10-Q,302225000.0,104649000.0,62685000.0,1.25,1.17,0.0,1927657000.0,932742000.0,468909000.0,322230000.0,1260200000.0,320846000.0,-138621000.0,-14001000.0,212967000.0,10626000.0,18497000.0
UTHR,2013-06-30,False,Q2,2013,10-Q,280606000.0,122304000.0,79864000.0,1.6,1.52,0.0,1777673000.0,903583000.0,412225000.0,343550000.0,1165423000.0,181546000.0,37204000.0,-28389000.0,210166000.0,10465000.0,9080000.0
UTHR,2016-03-31,False,Q1,2016,10-Q,369000000.0,363700000.0,235500000.0,5.19,4.84,0.0,2192100000.0,1299600000.0,357100000.0,846800000.0,1711800000.0,125800000.0,12000000.0,-123200000.0,,10300000.0,3800000.0
UTHR,2016-06-30,False,Q2,2016,10-Q,412600000.0,285200000.0,206100000.0,4.65,4.39,0.0,2201500000.0,1315400000.0,292400000.0,837500000.0,1806200000.0,251500000.0,19700000.0,-263700000.0,,10300000.0,14200000.0
UTHR,2015-09-30,False,Q3,2015,10-Q,386221000.0,387079000.0,464425000.0,10.2,9.24,0.0,2159233000.0,1228523000.0,557342000.0,765205000.0,1466870000.0,357246000.0,447170000.0,-433248000.0,30017000.0,10264000.0,18256000.0
UTHR,2016-09-30,False,Q3,2016,10-Q,408200000.0,238600000.0,161800000.0,3.75,3.5,0.0,2269200000.0,1386000000.0,314600000.0,953000000.0,1838700000.0,480200000.0,39800000.0,-396000000.0,,10300000.0,23300000.0
UTHR,2017-06-30,False,Q2,2017,10-Q,444600000.0,88500000.0,-56000000.0,-1.25,-1.25,0.0,2691500000.0,1563700000.0,838800000.0,1005900000.0,1776100000.0,301500000.0,-357000000.0,38000000.0,,13700000.0,36500000.0
UTHR,2016-12-31,False,FY,2016,10-K,1598800000.0,1061700000.0,713700000.0,16.29,15.25,0.0,2325600000.0,1424800000.0,332500000.0,1023000000.0,1851300000.0,643600000.0,48300000.0,-497700000.0,,10300000.0,38000000.0
UTHR,2018-03-31,False,Q1,2018,10-Q,389200000.0,306900000.0,244500000.0,5.65,5.57,0.0,3020200000.0,1633600000.0,318400000.0,932700000.0,2369400000.0,275700000.0,-58700000.0,10600000.0,,45600000.0,37600000.0
UTHR,2015-06-30,False,Q2,2015,10-Q,347161000.0,171705000.0,99211000.0,2.15,1.91,0.0,1736822000.0,829039000.0,542414000.0,254359000.0,1040473000.0,149933000.0,99522000.0,-391240000.0,32282000.0,10264000.0,7814000.0
UTHR,2017-03-31,False,Q1,2017,10-Q,370500000.0,263600000.0,178600000.0,4.01,3.89,0.0,2561300000.0,1504100000.0,427700000.0,1122600000.0,2065300000.0,230800000.0,-165600000.0,34400000.0,,10300000.0,15600000.0
UTHR,2017-09-30,False,Q3,2017,10-Q,445500000.0,323800000.0,276300000.0,6.37,6.27,0.0,2936000000.0,1639200000.0,789400000.0,1067500000.0,2069900000.0,560000000.0,-557200000.0,41500000.0,,13700000.0,58500000.0
UTHR,2018-09-30,False,Q3,2018,10-Q,412700000.0,149600000.0,106500000.0,2.44,2.42,0.0,3412100000.0,1608700000.0,372400000.0,656000000.0,2692800000.0,660000000.0,-715400000.0,6200000.0,,28300000.0,132600000.0
UTHR,2018-06-30,False,Q2,2018,10-Q,444500000.0,217400000.0,172900000.0,4.01,3.98,0.0,3244900000.0,1624200000.0,350000000.0,745900000.0,2565600000.0,455500000.0,-418500000.0,3800000.0,,45600000.0,91100000.0
UTHR,2017-12-31,False,FY,2017,10-K,1725300000.0,814900000.0,417900000.0,9.5,9.31,0.0,2879400000.0,1447900000.0,444700000.0,705100000.0,2101800000.0,474200000.0,-835600000.0,43300000.0,,13700000.0,86300000.0
UTHR,2015-12-31,False,FY,2015,10-K,807012000.0,699015000.0,651639000.0,14.17,12.72,0.0,2184445000.0,1275335000.0,440824000.0,831798000.0,1588552000.0,382761000.0,503579000.0,-446943000.0,5387000.0,10264000.0,49792000.0
