symbol,end_date,amend,period_focus,fiscal_year,doc_type,revenues,op_income,net_income,eps_basic,eps_diluted,dividend,assets,cur_assets,cur_liab,cash,equity,cash_flow_op,cash_flow_inv,cash_flow_fin,debt,goodwill,cap_ex
UWN,2012-01-31,False,Q3,2012,10-Q,13477484.0,293913.0,-288047.0,0.0,0.0,0.0,54735272.0,8947766.0,6651599.0,5238410.0,32618673.0,1919740.0,-4809518.0,2472078.0,,15862386.0,3823972.0
UWN,2018-10-31,False,Q2,2019,10-Q,14354454.0,518155.0,539090.0,0.02,0.03,0.0,49114145.0,28072928.0,6952913.0,9784582.0,34734357.0,1511709.0,228441.0,-1100000.0,6822924.0,14092154.0,141295.0
UWN,2011-10-31,False,Q2,2011,10-Q,12832586.0,-2516425.0,-2120606.0,-0.15,-0.15,0.0,48335952.0,7025948.0,5201004.0,3743434.0,28934948.0,459654.0,-1322577.0,-1049753.0,,14167113.0,573183.0
UWN,2011-07-31,False,Q1,2011,10-Q,14158747.0,59635.0,-191859.0,-0.01,-0.01,0.0,50482642.0,8644308.0,13260623.0,5353620.0,30998630.0,808558.0,-1060989.0,-50059.0,,16911417.0,529129.0
UWN,2012-04-30,False,FY,2012,10-K,55628634.0,-8005932.0,-7928584.0,-0.45,-0.45,0.0,49172913.0,8959514.0,6293776.0,5200161.0,27386288.0,2132063.0,-4820702.0,2232690.0,,16090799.0,3891730.0
UWN,2013-07-31,False,Q1,2014,10-Q,15690789.0,26852.0,-215827.0,-0.01,-0.01,0.0,47301499.0,11141614.0,6828545.0,7198167.0,27522831.0,-99972.0,-49082.0,623302.0,14840000.0,16103583.0,113308.0
UWN,2013-01-31,False,Q3,2013,10-Q,16210145.0,929952.0,235356.0,0.01,0.01,0.0,47654291.0,10216108.0,6763439.0,6788028.0,27214014.0,4411881.0,562296.0,-3386310.0,14750000.0,16103584.0,529020.0
UWN,2012-10-31,False,Q2,2012,10-Q,16383688.0,-309047.0,-819008.0,-0.04,-0.04,0.0,48242289.0,10079834.0,7280853.0,5868748.0,26895520.0,3087476.0,170754.0,-2589643.0,15575324.0,16103584.0,389567.0
UWN,2012-07-31,False,Q1,2012,10-Q,16810703.0,720524.0,168125.0,0.01,0.01,0.0,49898686.0,11149305.0,7897144.0,6265107.0,27599659.0,2183525.0,538005.0,-1656582.0,16557573.0,16103584.0,84783.0
UWN,2013-04-30,False,FY,2013,10-K,65923918.0,2398670.0,36907.0,0.01,0.01,0.0,46523986.0,9920498.0,5465998.0,6723919.0,27706735.0,3019206.0,704194.0,-2199642.0,14210000.0,16103583.0,626362.0
UWN,2013-10-31,False,Q2,2014,10-Q,16349117.0,738916.0,220757.0,0.01,0.01,0.0,45703285.0,10326904.0,5937519.0,6844436.0,27787345.0,519392.0,-132315.0,-266560.0,13920000.0,16103583.0,245961.0
UWN,2014-04-30,False,FY,2014,10-K,62807394.0,2295545.0,447981.0,0.03,0.03,0.0,44806626.0,10986014.0,5267797.0,7738985.0,28326959.0,3343316.0,-110360.0,-2217890.0,12350000.0,16103583.0,346590.0
UWN,2015-10-31,False,Q2,2016,10-Q,16134213.0,1010235.0,617988.0,0.04,0.04,0.0,43409455.0,12602142.0,4316489.0,8513482.0,31795973.0,1816113.0,-1263859.0,-580442.0,6740000.0,16028625.0,277485.0
UWN,2014-01-31,False,Q3,2014,10-Q,14760867.0,285358.0,-203038.0,-0.01,-0.01,0.0,44021625.0,9075460.0,4825011.0,5686817.0,27614559.0,928926.0,-97292.0,-1868736.0,12750000.0,16103583.0,280132.0
UWN,2015-07-31,False,Q1,2016,10-Q,15942774.0,785616.0,457996.0,0.03,0.03,0.0,43403397.0,12286748.0,3620954.0,7153929.0,31090590.0,-968766.0,-1221906.0,802931.0,8148946.0,16028625.0,116212.0
UWN,2014-10-31,False,Q2,2015,10-Q,16359830.0,792503.0,416067.0,0.03,0.03,0.0,44287821.0,11486424.0,4731942.0,7771800.0,29171338.0,2556720.0,-392691.0,-2131214.0,10200000.0,16103583.0,580805.0
UWN,2014-07-31,False,Q1,2015,10-Q,15908614.0,646558.0,354029.0,0.02,0.02,0.0,45763906.0,12508724.0,6287214.0,8288939.0,28707030.0,980468.0,-42937.0,-387577.0,11950000.0,16103583.0,140785.0
UWN,2015-01-31,False,Q3,2015,10-Q,15804290.0,841256.0,448108.0,0.03,0.03,0.0,43085148.0,11241603.0,4037346.0,7454664.0,29691444.0,3576429.0,-356049.0,-3504701.0,8800000.0,16103583.0,627674.0
UWN,2016-04-30,False,FY,2016,10-K,70341005.0,3368638.0,1301046.0,0.08,0.08,0.0,57758700.0,15513525.0,5669182.0,11583107.0,34368944.0,6371227.0,-13059923.0,9730133.0,16839148.0,18025059.0,674795.0
UWN,2015-04-30,False,FY,2015,10-K,64349553.0,3298907.0,1807077.0,0.11,0.11,0.0,43143013.0,13034385.0,4797233.0,8541670.0,30425063.0,5951452.0,-306950.0,-4841817.0,7350000.0,16103583.0,682863.0
UWN,2017-01-31,False,Q3,2017,10-Q,17987172.0,-484890.0,-683046.0,-0.04,-0.04,0.0,52511929.0,13922574.0,4698445.0,9583671.0,33391701.0,1949546.0,-312429.0,-3636553.0,13735976.0,16923588.0,942933.0
UWN,2016-10-31,False,Q2,2017,10-Q,18542772.0,284967.0,150022.0,0.01,0.01,0.0,55344858.0,14781819.0,5070918.0,10237713.0,34207191.0,976006.0,-317291.0,-2004109.0,15209829.0,18025059.0,822877.0
UWN,2017-07-31,False,Q1,2018,10-Q,18488524.0,336349.0,124002.0,0.01,0.01,0.0,50631095.0,13778154.0,4850708.0,8286433.0,33022819.0,-545351.0,-181634.0,-1618485.0,12085771.0,16923588.0,257607.0
UWN,2017-04-30,False,FY,2017,10-K,74626949.0,1770951.0,563964.0,0.03,0.03,0.0,52817513.0,15450412.0,5577231.0,10631903.0,34511761.0,4754488.0,-287489.0,-5418203.0,12061411.0,16923588.0,1044297.0
UWN,2016-01-31,False,Q3,2016,10-Q,18360747.0,1182195.0,466351.0,0.03,0.03,0.0,58740509.0,15040516.0,4789176.0,8822156.0,34542512.0,2609667.0,-13594322.0,11265141.0,18594044.0,18860059.0,400742.0
UWN,2018-07-31,False,Q1,2019,10-Q,14880169.0,217027.0,-51844.0,0.01,0.0,0.0,47648667.0,26389202.0,6027675.0,8423498.0,34180876.0,35967.0,128839.0,-1100000.0,6817794.0,14092154.0,67121.0
UWN,2018-04-30,False,FY,2018,10-K,74552526.0,2596979.0,1323425.0,0.08,0.08,0.0,49123096.0,14230602.0,6337264.0,9508931.0,34253385.0,5464944.0,-601975.0,-5985941.0,7895240.0,16923588.0,983568.0
UWN,2016-07-31,False,Q1,2017,10-Q,18296978.0,70169.0,-99573.0,-0.01,-0.01,0.0,55753645.0,14497116.0,4266704.0,8826030.0,34311086.0,-1705977.0,-439140.0,-611960.0,16231215.0,18025059.0,655117.0
UWN,2018-01-31,False,Q3,2018,10-Q,18098216.0,633733.0,193327.0,0.01,0.01,0.0,48818452.0,13169153.0,5179179.0,8598633.0,33871563.0,3066143.0,-413472.0,-4685941.0,9134370.0,16923588.0,759860.0
UWN,2017-10-31,False,Q2,2018,10-Q,19480223.0,1003467.0,638977.0,0.04,0.04,0.0,50546013.0,14245879.0,5875115.0,9559370.0,33635276.0,2697377.0,-375769.0,-3394141.0,10410310.0,16923588.0,565605.0
