symbol,end_date,amend,period_focus,fiscal_year,doc_type,revenues,op_income,net_income,eps_basic,eps_diluted,dividend,assets,cur_assets,cur_liab,cash,equity,cash_flow_op,cash_flow_inv,cash_flow_fin,debt,goodwill,cap_ex
VRTU,2016-06-30,False,Q1,2017,10-Q,205471000.0,-1848000.0,-6256000.0,-0.21,-0.21,0.0,849565000.0,420524000.0,106931000.0,140339000.0,532646000.0,-17093000.0,100976000.0,-91421000.0,0.0,196041000.0,3278000.0
VRTU,2018-12-31,False,Q3,2019,10-Q,314681000.0,19285000.0,11489000.0,0.38,0.37,0.0,1114045000.0,566711000.0,240836000.0,210579000.0,380814000.0,69822000.0,-22047000.0,-18307000.0,,281353000.0,24715000.0
VRTU,2015-06-30,False,Q1,2016,10-Q,134844000.0,12410000.0,10113000.0,0.35,0.34,0.0,507040000.0,332257000.0,70780000.0,103848000.0,431019000.0,1445000.0,-22999000.0,2058000.0,0.0,70718000.0,2138000.0
VRTU,2017-09-30,False,Q2,2018,10-Q,248174000.0,10279000.0,3681000.0,0.13,0.12,0.0,944351000.0,506701000.0,125592000.0,162257000.0,573393000.0,29832000.0,-9407000.0,-4831000.0,0.0,211157000.0,8195000.0
VRTU,2017-12-31,False,Q3,2018,10-Q,263809000.0,13663000.0,-11142000.0,-0.38,-0.38,0.0,993557000.0,555073000.0,130936000.0,226718000.0,578828000.0,54181000.0,3671000.0,19838000.0,,214265000.0,11242000.0
VRTU,2015-09-30,False,Q2,2016,10-Q,143002000.0,13256000.0,11086000.0,0.38,0.37,0.0,522661000.0,335243000.0,77515000.0,82258000.0,439658000.0,18494000.0,-60726000.0,2824000.0,0.0,76430000.0,7313000.0
VRTU,2016-09-30,False,Q2,2017,10-Q,210089000.0,3537000.0,3214000.0,0.11,0.11,0.0,866385000.0,432166000.0,114128000.0,158897000.0,545085000.0,8057000.0,96023000.0,-94537000.0,0.0,199056000.0,8791000.0
VRTU,2015-12-31,False,Q3,2016,10-Q,150603000.0,14134000.0,11313000.0,0.39,0.38,0.0,533642000.0,351213000.0,75481000.0,119742000.0,453244000.0,40888000.0,-45181000.0,3534000.0,0.0,76432000.0,10314000.0
VRTU,2016-03-31,False,FY,2016,10-K,600302000.0,45320000.0,44802000.0,1.53,1.49,0.0,980012000.0,528779000.0,141264000.0,148986000.0,627955000.0,45891000.0,-217936000.0,197366000.0,200000000.0,200424000.0,13491000.0
VRTU,2014-12-31,False,Q3,2015,10-Q,122996000.0,14619000.0,11779000.0,0.41,0.4,0.0,476131000.0,315009000.0,61727000.0,98278000.0,407242000.0,31771000.0,-20076000.0,5971000.0,0.0,51331000.0,9146000.0
VRTU,2017-03-31,False,FY,2017,10-K,858731000.0,18371000.0,11858000.0,0.4,0.39,0.0,923420000.0,480242000.0,125762000.0,144908000.0,585016000.0,22231000.0,67015000.0,-91005000.0,190000000.0,211089000.0,15341000.0
VRTU,2017-06-30,False,Q1,2018,10-Q,227345000.0,6070000.0,2957000.0,0.1,0.1,0.0,928692000.0,488277000.0,114666000.0,153979000.0,566680000.0,1064000.0,7605000.0,-1149000.0,0.0,211949000.0,3044000.0
VRTU,2016-12-31,False,Q3,2017,10-Q,217209000.0,6458000.0,4435000.0,0.15,0.15,0.0,892510000.0,460850000.0,121554000.0,133878000.0,558011000.0,21604000.0,58669000.0,-89829000.0,0.0,204762000.0,10947000.0
VRTU,2015-03-31,False,FY,2015,10-K,478986000.0,52568000.0,42446000.0,1.48,1.44,0.0,489737000.0,347238000.0,61204000.0,124802000.0,423775000.0,48917000.0,-10077000.0,5225000.0,0.0,50360000.0,14729000.0
VRTU,2018-03-31,False,FY,2018,10-K,1020669000.0,46387000.0,-2709000.0,-0.09,-0.09,0.0,1113180000.0,549335000.0,216700000.0,194897000.0,436083000.0,62699000.0,-52827000.0,37442000.0,305000000.0,297251000.0,16096000.0
VRTU,2011-09-30,False,Q2,2012,10-Q,70311000.0,5467000.0,4688000.0,0.19,0.18,0.0,252103000.0,146866000.0,38901000.0,48701000.0,209337000.0,1220000.0,-883000.0,-1057000.0,,35472000.0,7764000.0
VRTU,2012-03-31,False,FY,2012,10-K,277771000.0,23899000.0,20035000.0,0.81,0.79,0.0,273393000.0,166487000.0,52057000.0,58105000.0,218174000.0,20917000.0,-9293000.0,832000.0,,35472000.0,13557000.0
VRTU,2011-06-30,False,Q1,2012,10-Q,61045000.0,4787000.0,3955000.0,0.16,0.16,0.0,246712000.0,165195000.0,30847000.0,69931000.0,213600000.0,-2440000.0,23211000.0,-1151000.0,,19046000.0,3369000.0
VRTU,2012-12-31,False,Q3,2013,10-Q,86474000.0,9142000.0,7404000.0,0.3,0.29,0.0,293828000.0,180502000.0,53799000.0,62623000.0,237109000.0,23680000.0,-16508000.0,-1719000.0,,35472000.0,8517000.0
VRTU,2012-09-30,False,Q2,2013,10-Q,80535000.0,7429000.0,5763000.0,0.23,0.23,0.0,276645000.0,165062000.0,43632000.0,46596000.0,231238000.0,2777000.0,-12032000.0,-1813000.0,,35472000.0,5447000.0
VRTU,2011-12-31,False,Q3,2012,10-Q,72184000.0,6578000.0,5594000.0,0.23,0.22,0.0,261107000.0,154274000.0,48891000.0,48935000.0,206119000.0,9765000.0,-8297000.0,-812000.0,,35472000.0,10223000.0
VRTU,2012-06-30,False,Q1,2013,10-Q,76217000.0,6869000.0,6139000.0,0.25,0.24,0.0,264709000.0,159060000.0,47439000.0,48179000.0,213288000.0,2374000.0,-7505000.0,-2294000.0,,35472000.0,3116000.0
VRTU,2013-12-31,False,Q3,2014,10-Q,101043000.0,11196000.0,9328000.0,0.36,0.35,0.0,353021000.0,240928000.0,74972000.0,93406000.0,267773000.0,39527000.0,-25824000.0,25292000.0,,40792000.0,5825000.0
VRTU,2014-06-30,False,Q1,2015,10-Q,112274000.0,11230000.0,9003000.0,0.32,0.31,0.0,453266000.0,271819000.0,59645000.0,76926000.0,385275000.0,-2500000.0,-4792000.0,1458000.0,,53013000.0,4448000.0
VRTU,2013-09-30,False,Q2,2014,10-Q,94301000.0,9776000.0,7478000.0,0.29,0.28,0.0,310089000.0,209533000.0,50518000.0,64939000.0,251269000.0,21905000.0,-13606000.0,3449000.0,,35472000.0,3487000.0
VRTU,2013-06-30,False,Q1,2014,10-Q,90489000.0,8929000.0,7522000.0,0.3,0.29,0.0,300578000.0,195186000.0,45414000.0,50968000.0,249060000.0,-1783000.0,-4536000.0,3071000.0,,35472000.0,1678000.0
VRTU,2018-06-30,False,Q1,2019,10-Q,300031000.0,13924000.0,-7383000.0,-0.25,-0.25,0.0,1090126000.0,529324000.0,211804000.0,154792000.0,421347000.0,-6730000.0,-21991000.0,-3903000.0,,289303000.0,13461000.0
VRTU,2018-09-30,False,Q2,2019,10-Q,305520000.0,14019000.0,417000.0,0.01,0.01,0.0,1090899000.0,544575000.0,222935000.0,176981000.0,359431000.0,33283000.0,-26690000.0,-11729000.0,,275002000.0,18875000.0
VRTU,2013-03-31,False,FY,2013,10-K,333175000.0,32859000.0,28398000.0,1.14,1.11,0.0,303919000.0,194884000.0,49234000.0,57199000.0,252207000.0,22753000.0,-23705000.0,494000.0,,35472000.0,12587000.0
VRTU,2014-09-30,False,Q2,2015,10-Q,117700000.0,12241000.0,10114000.0,0.35,0.34,0.0,464403000.0,288436000.0,60598000.0,93967000.0,395983000.0,19221000.0,-11105000.0,4024000.0,,52130000.0,6393000.0
VRTU,2014-03-31,False,FY,2014,10-K,396933000.0,42412000.0,34375000.0,1.32,1.27,0.0,449425000.0,260089000.0,66770000.0,82761000.0,374070000.0,48919000.0,-113044000.0,91740000.0,,53448000.0,7482000.0
