symbol,end_date,amend,period_focus,fiscal_year,doc_type,revenues,op_income,net_income,eps_basic,eps_diluted,dividend,assets,cur_assets,cur_liab,cash,equity,cash_flow_op,cash_flow_inv,cash_flow_fin,debt,goodwill,cap_ex
WEBK,2013-06-30,False,Q2,2013,10-Q,4223000.0,,583000.0,0.26,0.26,0.0,396743000.0,,,2553000.0,45671000.0,7956000.0,-33890000.0,19905000.0,42500000.0,,582000.0
WEBK,2013-03-31,False,Q1,2013,10-Q,4163000.0,,595000.0,0.26,0.26,0.0,385754000.0,,,2237000.0,45378000.0,7487000.0,-16300000.0,9258000.0,36500000.0,,384000.0
WEBK,2011-12-31,False,FY,2011,10-K,13461000.0,,2005000.0,,,0.0,303148000.0,,,3882000.0,22731000.0,2125000.0,-25729000.0,38731000.0,7500000.0,,594000.0
WEBK,2012-03-31,False,Q1,2012,10-Q,3502000.0,,-553000.0,,,0.0,314196000.0,,,4537000.0,43137000.0,882000.0,-15809000.0,10027000.0,13500000.0,,859000.0
WEBK,2018-09-30,False,Q3,2018,10-Q,9177000.0,,1557000.0,0.65,0.62,0.0,836871000.0,,,5421000.0,63022000.0,4068000.0,-36522000.0,28195000.0,62357000.0,,728000.0
WEBK,2014-09-30,False,Q3,2014,10-Q,5238000.0,,516000.0,0.23,0.22,0.0,505637000.0,,,2721000.0,48686000.0,2482000.0,-54826000.0,44771000.0,63500000.0,,288000.0
WEBK,2014-03-31,False,Q1,2014,10-Q,4820000.0,,394000.0,0.17,0.17,0.0,476176000.0,,,2794000.0,47429000.0,165000.0,-19685000.0,17256000.0,41500000.0,,93000.0
WEBK,2013-09-30,False,Q3,2013,10-Q,4483000.0,,607000.0,0.27,0.27,0.0,421094000.0,,,4770000.0,46382000.0,11934000.0,-60401000.0,43068000.0,40500000.0,,1131000.0
WEBK,2012-09-30,False,Q3,2012,10-Q,3795000.0,,537000.0,0.24,0.24,0.0,357317000.0,,,1892000.0,44424000.0,-5287000.0,-55961000.0,51386000.0,31500000.0,,1111000.0
WEBK,2012-12-31,False,FY,2012,10-K,15050000.0,,1099000.0,,,0.0,376048000.0,,,2247000.0,44971000.0,-5317000.0,-79185000.0,69196000.0,31500000.0,,1188000.0
WEBK,2014-06-30,False,Q2,2014,10-Q,5098000.0,,431000.0,0.19,0.19,0.0,494304000.0,,,2775000.0,48110000.0,581000.0,-36482000.0,34413000.0,53500000.0,,258000.0
WEBK,2014-12-31,False,FY,2014,10-K,20504000.0,,1777000.0,0.78,0.77,0.075,535115000.0,,,2816000.0,49346000.0,3114000.0,-76494000.0,73584000.0,59500000.0,,585000.0
WEBK,2015-06-30,False,Q2,2015,10-Q,5545000.0,,585000.0,0.25,0.25,0.0,561928000.0,,,2452000.0,50474000.0,-724000.0,-27986000.0,25550000.0,63000000.0,,172000.0
WEBK,2015-09-30,False,Q3,2015,10-Q,5930000.0,,700000.0,0.3,0.3,0.0,589515000.0,,,2478000.0,51390000.0,3062000.0,-58162000.0,51710000.0,66945000.0,,169000.0
WEBK,2016-03-31,False,Q1,2016,10-Q,6354000.0,,732000.0,0.32,0.31,0.03,620481000.0,,,2653000.0,53501000.0,961000.0,-8184000.0,-2578000.0,72776000.0,,362000.0
WEBK,2015-12-31,False,FY,2015,10-K,23311000.0,,2649000.0,1.14,1.14,0.115,621182000.0,,,2674000.0,52178000.0,3096000.0,-76468000.0,82279000.0,72860000.0,,377000.0
WEBK,2013-12-31,False,FY,2013,10-K,17609000.0,,2220000.0,0.97,0.97,0.0,458520000.0,,,2685000.0,46789000.0,11714000.0,-90865000.0,80000000.0,43500000.0,,2112000.0
WEBK,2012-06-30,False,Q2,2012,10-Q,3587000.0,,434000.0,0.2,0.2,0.0,324649000.0,,,5230000.0,43707000.0,-703000.0,-34966000.0,19913000.0,23500000.0,,1055000.0
WEBK,2016-06-30,False,Q2,2016,10-Q,6584000.0,,727000.0,0.31,0.31,0.0,646627000.0,,,2721000.0,54656000.0,1252000.0,-26934000.0,21209000.0,74191000.0,,839000.0
WEBK,2015-03-31,False,Q1,2015,10-Q,5401000.0,,459000.0,0.2,0.2,0.025,543645000.0,,,2877000.0,50070000.0,-674000.0,-5331000.0,7803000.0,57500000.0,,124000.0
WEBK,2017-03-31,False,Q1,2017,10-Q,7006000.0,,881000.0,0.37,0.36,0.04,704267000.0,,,3652000.0,56386000.0,3036000.0,-13294000.0,8070000.0,96934000.0,,104000.0
WEBK,2016-09-30,False,Q3,2016,10-Q,6727000.0,,755000.0,0.32,0.32,0.0,666279000.0,,,3068000.0,55371000.0,1570000.0,-46411000.0,41322000.0,78106000.0,,1063000.0
WEBK,2017-06-30,False,Q2,2017,10-Q,7316000.0,,937000.0,0.4,0.38,0.0,732341000.0,,,3455000.0,57666000.0,4323000.0,-43503000.0,33028000.0,100848000.0,,169000.0
WEBK,2016-12-31,False,FY,2016,10-K,26514000.0,,2936000.0,1.26,1.24,0.15,695283000.0,,,3607000.0,55214000.0,3310000.0,-73229000.0,70166000.0,83020000.0,,1159000.0
WEBK,2017-09-30,False,Q3,2017,10-Q,7809000.0,,1166000.0,0.49,0.48,0.0,769849000.0,,,3994000.0,59043000.0,7679000.0,-73506000.0,68421000.0,87261000.0,,175000.0
WEBK,2017-12-31,False,FY,2017,10-K,30353000.0,,3185000.0,1.34,1.3,0.19,805395000.0,,,4604000.0,59245000.0,8054000.0,-112469000.0,104452000.0,77174000.0,,344000.0
WEBK,2018-03-31,False,Q1,2018,10-Q,8417000.0,,1437000.0,0.6,0.58,0.05,821892000.0,,,5828000.0,60103000.0,1265000.0,5261000.0,16373000.0,88007000.0,,55000.0
WEBK,2018-06-30,False,Q2,2018,10-Q,8809000.0,,1420000.0,0.59,0.57,0.0,830210000.0,,,4573000.0,61440000.0,1590000.0,-20335000.0,23688000.0,82682000.0,,329000.0
