symbol,end_date,amend,period_focus,fiscal_year,doc_type,revenues,op_income,net_income,eps_basic,eps_diluted,dividend,assets,cur_assets,cur_liab,cash,equity,cash_flow_op,cash_flow_inv,cash_flow_fin,debt,goodwill,cap_ex
WTW,2018-12-29,False,FY,2018,10-K,1514121000.0,388985000.0,223749000.0,3.38,3.19,0.0,1414541000.0,366424000.0,341316000.0,236974000.0,-808943000.0,295592000.0,-63958000.0,-74353000.0,1782250000.0,152519000.0,19050000.0
WTW,2012-03-31,False,Q1,2012,10-Q,503535000.0,102774000.0,54605000.0,0.74,0.74,0.18,1176123000.0,231292000.0,1289154000.0,79611000.0,-1856797000.0,110754000.0,-20982000.0,-52812000.0,1750788000.0,50018000.0,16329000.0
WTW,2012-09-29,False,Q3,2012,10-Q,430610000.0,131984000.0,67364000.0,1.21,1.2,0.18,1197956000.0,224892000.0,498613000.0,80591000.0,-1720434000.0,301165000.0,-71621000.0,-185537000.0,2414594000.0,51218000.0,35585000.0
WTW,2011-10-01,False,Q3,2011,10-Q,428434000.0,138299000.0,80650000.0,1.1,1.09,0.18,1086499000.0,189293000.0,481595000.0,61421000.0,-470509000.0,374948000.0,-31020000.0,-323909000.0,1066800000.0,49989000.0,12950000.0
WTW,2011-07-02,False,Q2,2011,10-Q,486013000.0,155330000.0,86963000.0,1.19,1.17,0.18,1104470000.0,196573000.0,471016000.0,60382000.0,-542396000.0,254983000.0,-20399000.0,-217010000.0,1162763000.0,50035000.0,8787000.0
WTW,2012-06-30,False,Q2,2012,10-Q,484752000.0,153508000.0,77462000.0,1.37,1.36,0.18,1193578000.0,247198000.0,507068000.0,90902000.0,-1784594000.0,180278000.0,-38253000.0,-98197000.0,2493824000.0,50013000.0,25820000.0
WTW,2013-03-30,False,Q1,2013,10-Q,486928000.0,103119000.0,48753000.0,0.87,0.87,0.18,1314720000.0,273811000.0,586296000.0,121381000.0,-1620713000.0,115163000.0,-58173000.0,-3100000.0,2400021000.0,63469000.0,17915000.0
WTW,2011-01-01,False,FY,2010,10-K,1452037000.0,390345000.0,194235000.0,2.57,2.56,0.7,1091987000.0,190442000.0,539135000.0,40534000.0,-690724000.0,281484000.0,-28646000.0,-256812000.0,,51425000.0,9137000.0
WTW,2013-09-28,False,Q3,2013,10-Q,393898000.0,124520000.0,60258000.0,1.07,1.07,0.18,1408236000.0,304412000.0,384178000.0,181255000.0,-1509394000.0,301437000.0,-131426000.0,-59099000.0,2394000000.0,75924000.0,37656000.0
WTW,2014-06-28,False,Q2,2014,10-Q,397547000.0,114564000.0,54002000.0,0.95,0.95,0.0,1526364000.0,399551000.0,385729000.0,276470000.0,-1404304000.0,145499000.0,-31972000.0,-11939000.0,2376000000.0,114826000.0,4531000.0
WTW,2011-12-31,False,FY,2011,10-K,1819156000.0,546328000.0,304867000.0,4.16,4.11,0.7,1121628000.0,214526000.0,494207000.0,47469000.0,-409766000.0,401889000.0,-45210000.0,-351962000.0,1051801000.0,50012000.0,21750000.0
WTW,2012-12-29,False,FY,2012,10-K,1826812000.0,510805000.0,257426000.0,4.27,4.23,0.7,1218607000.0,217967000.0,447855000.0,70215000.0,-1665459000.0,349391000.0,-109456000.0,-211120000.0,2406364000.0,59414000.0,48807000.0
WTW,2013-06-29,False,Q2,2013,10-Q,465129000.0,153976000.0,64916000.0,1.16,1.15,0.18,1310819000.0,252412000.0,337121000.0,119977000.0,-1561127000.0,178013000.0,-76369000.0,-49644000.0,2400000000.0,63437000.0,30988000.0
WTW,2014-03-29,False,Q1,2014,10-Q,409358000.0,51053000.0,21531000.0,0.38,0.38,0.0,1483065000.0,368024000.0,398989000.0,231633000.0,-1461015000.0,80850000.0,-17945000.0,-6072000.0,2382000000.0,109959000.0,2052000.0
WTW,2011-04-02,False,Q1,2011,10-Q,503432000.0,135731000.0,73593000.0,1.01,1.0,0.18,1126032000.0,224907000.0,570284000.0,77246000.0,-636556000.0,184056000.0,-6424000.0,-142655000.0,,50019000.0,2215000.0
WTW,2013-12-28,False,FY,2013,10-K,1724123000.0,460757000.0,204725000.0,3.65,3.63,0.53,1408931000.0,315725000.0,345820000.0,174557000.0,-1474622000.0,323516000.0,-145348000.0,-74433000.0,2388000000.0,79294000.0,40657000.0
WTW,2010-07-03,False,Q2,2010,10-Q,376742000.0,112158000.0,56306000.0,0.73,0.73,0.18,1090056000.0,202536000.0,546970000.0,65562000.0,-693539000.0,144398000.0,-9341000.0,-110494000.0,,51351000.0,3385000.0
WTW,2015-04-04,False,Q1,2015,10-Q,322103000.0,18044000.0,-5433000.0,-0.1,-0.1,0.0,1446421000.0,345232000.0,606163000.0,211009000.0,-1390292000.0,-7433000.0,-13487000.0,-65141000.0,2287185000.0,167738000.0,1444000.0
WTW,2014-09-27,False,Q3,2014,10-Q,345184000.0,91394000.0,37892000.0,0.67,0.67,0.0,1558330000.0,438987000.0,378358000.0,327381000.0,-1363668000.0,221291000.0,-47377000.0,-17782000.0,2370000000.0,110696000.0,5960000.0
WTW,2015-01-03,False,FY,2014,10-K,1479916000.0,273257000.0,98647000.0,1.74,1.74,0.0,1515187000.0,427728000.0,377030000.0,301212000.0,-1389808000.0,231619000.0,-68992000.0,-29421000.0,2358000000.0,106820000.0,9097000.0
WTW,2016-04-02,False,Q1,2016,10-Q,306910000.0,13557000.0,-10753000.0,-0.17,-0.17,0.0,1290483000.0,241238000.0,414890000.0,127812000.0,-1301543000.0,43333000.0,-8976000.0,-149573000.0,2085000000.0,163914000.0,1060000.0
WTW,2010-10-02,False,Q3,2010,10-Q,330606000.0,90447000.0,44437000.0,0.59,0.59,0.18,1103057000.0,209097000.0,586964000.0,72935000.0,-708204000.0,234895000.0,-15913000.0,-190211000.0,,51405000.0,6607000.0
WTW,2015-07-04,False,Q2,2015,10-Q,309754000.0,70580000.0,27877000.0,0.49,0.49,0.0,1341177000.0,250575000.0,457777000.0,149722000.0,-1352503000.0,26294000.0,-26683000.0,-147627000.0,2197073000.0,167480000.0,3820000.0
WTW,2015-10-03,False,Q3,2015,10-Q,273324000.0,63108000.0,21790000.0,0.38,0.38,0.0,1395152000.0,322089000.0,515727000.0,212260000.0,-1342185000.0,52868000.0,-32770000.0,-104884000.0,2239823000.0,161613000.0,3569000.0
WTW,2016-07-02,False,Q2,2016,10-Q,309761000.0,73731000.0,30494000.0,0.48,0.46,0.0,1265804000.0,216206000.0,362325000.0,114498000.0,-1271218000.0,46366000.0,-19864000.0,-153878000.0,2079750000.0,168482000.0,1693000.0
WTW,2016-01-02,False,FY,2015,10-K,1164419000.0,168058000.0,32945000.0,0.56,0.56,0.0,1422084000.0,358973000.0,503127000.0,241526000.0,-1290158000.0,54815000.0,-40307000.0,-68585000.0,2234573000.0,159331000.0,3952000.0
WTW,2017-04-01,False,Q1,2017,10-Q,329063000.0,30233000.0,10653000.0,0.17,0.16,0.0,1301024000.0,266658000.0,299918000.0,135193000.0,-1189971000.0,42339000.0,-10485000.0,-5754000.0,2016000000.0,167394000.0,3411000.0
WTW,2016-10-01,False,Q3,2016,10-Q,280819000.0,66792000.0,34658000.0,0.54,0.53,0.0,1261418000.0,215082000.0,313693000.0,99044000.0,-1233125000.0,93917000.0,-29516000.0,-207085000.0,2026500000.0,167638000.0,4556000.0
WTW,2015-01-03,True,FY,2014,10-K,1479916000.0,299314000.0,117787000.0,2.08,2.08,0.0,1534640000.0,425665000.0,431695000.0,301212000.0,-1373041000.0,231619000.0,-68992000.0,-29421000.0,2358000000.0,168279000.0,9097000.0
WTW,2017-07-01,False,Q2,2017,10-Q,341673000.0,96206000.0,45173000.0,0.7,0.67,0.0,1247320000.0,214857000.0,272822000.0,104485000.0,-1143232000.0,98115000.0,-19119000.0,-85724000.0,1935440000.0,167912000.0,5614000.0
WTW,2017-09-30,False,Q3,2017,10-Q,323687000.0,91378000.0,44719000.0,0.69,0.65,0.0,1315492000.0,280547000.0,293210000.0,178247000.0,-1085352000.0,184805000.0,-31127000.0,-88356000.0,1930386000.0,170731000.0,10755000.0
WTW,2016-12-31,False,FY,2016,10-K,1164902000.0,200811000.0,67699000.0,1.06,1.03,0.0,1270976000.0,235211000.0,292388000.0,108656000.0,-1207573000.0,119044000.0,-37530000.0,-212222000.0,2021250000.0,166138000.0,5556000.0
WTW,2017-12-30,False,FY,2017,10-K,1306911000.0,267305000.0,163514000.0,2.54,2.4,0.0,1246000000.0,208988000.0,343027000.0,83054000.0,-1015986000.0,222274000.0,-40791000.0,-211482000.0,1865000000.0,156281000.0,13732000.0
WTW,2018-03-31,False,Q1,2018,10-Q,408223000.0,62073000.0,39112000.0,0.6,0.56,0.0,1307114000.0,257019000.0,356421000.0,117615000.0,-1000101000.0,73459000.0,-7743000.0,-31699000.0,1820750000.0,155273000.0,1753000.0
WTW,2018-06-30,False,Q2,2018,10-Q,409747000.0,127708000.0,70720000.0,1.07,1.01,0.0,1336552000.0,291455000.0,379622000.0,167755000.0,-927000000.0,168587000.0,-30520000.0,-51377000.0,1801500000.0,153130000.0,7733000.0
WTW,2018-09-29,False,Q3,2018,10-Q,365765000.0,118860000.0,70132000.0,1.05,1.0,0.0,1381503000.0,336120000.0,312029000.0,219770000.0,-845212000.0,254639000.0,-44953000.0,-70704000.0,1782250000.0,154697000.0,11932000.0
