symbol,end_date,amend,period_focus,fiscal_year,doc_type,revenues,op_income,net_income,eps_basic,eps_diluted,dividend,assets,cur_assets,cur_liab,cash,equity,cash_flow_op,cash_flow_inv,cash_flow_fin,debt,goodwill,cap_ex
XOM,2010-06-30,False,Q2,2010,10-Q,92486000000.0,,7560000000.0,1.61,1.6,0.44,291068000000.0,62216000000.0,57821000000.0,13252000000.0,145367000000.0,22281000000.0,-10245000000.0,-8797000000.0,,,11400000000.0
XOM,2011-03-31,False,Q1,2011,10-Q,114004000000.0,,10650000000.0,2.14,2.14,0.44,319533000000.0,72022000000.0,73576000000.0,12833000000.0,157531000000.0,16856000000.0,-5353000000.0,-6749000000.0,,,7051000000.0
XOM,2011-06-30,False,Q2,2011,10-Q,125486000000.0,,10680000000.0,2.19,2.18,0.47,326204000000.0,72305000000.0,74533000000.0,8287000000.0,161835000000.0,29745000000.0,-15857000000.0,-13814000000.0,,,14863000000.0
XOM,2011-09-30,False,Q3,2011,10-Q,125330000000.0,,10330000000.0,2.13,2.13,0.47,323227000000.0,69376000000.0,74971000000.0,11022000000.0,162212000000.0,44594000000.0,-20153000000.0,-21211000000.0,,,22341000000.0
XOM,2010-09-30,False,Q3,2010,10-Q,95298000000.0,,7350000000.0,1.44,1.44,0.44,299994000000.0,62633000000.0,61740000000.0,12244000000.0,150600000000.0,35358000000.0,-17124000000.0,-16494000000.0,,,19201000000.0
XOM,2018-12-31,False,FY,2018,10-K,279332000000.0,,20840000000.0,4.88,4.88,3.23,346196000000.0,47973000000.0,57138000000.0,3042000000.0,198528000000.0,36014000000.0,-16446000000.0,-19446000000.0,,,19574000000.0
XOM,2012-09-30,False,Q3,2012,10-Q,115706000000.0,,9570000000.0,2.09,2.09,0.57,335191000000.0,72138000000.0,70061000000.0,13055000000.0,172355000000.0,42946000000.0,-16599000000.0,-26143000000.0,,,24214000000.0
XOM,2013-06-30,False,Q2,2013,10-Q,106469000000.0,,6860000000.0,1.55,1.55,0.63,341615000000.0,62844000000.0,72688000000.0,4609000000.0,171588000000.0,21275000000.0,-18547000000.0,-7409000000.0,,,16145000000.0
XOM,2010-12-31,False,FY,2010,10-K,383221000000.0,,30460000000.0,6.24,6.22,1.74,302510000000.0,58984000000.0,62633000000.0,7825000000.0,152679000000.0,48413000000.0,-24204000000.0,-26924000000.0,,,26871000000.0
XOM,2013-03-31,False,Q1,2013,10-Q,108807000000.0,,9500000000.0,2.12,2.12,0.57,339639000000.0,62594000000.0,70084000000.0,6214000000.0,173077000000.0,13592000000.0,-10054000000.0,-6694000000.0,,,7494000000.0
XOM,2011-12-31,False,FY,2011,10-K,467029000000.0,,41060000000.0,8.43,8.42,1.85,331052000000.0,72963000000.0,77505000000.0,12664000000.0,160744000000.0,55345000000.0,-22165000000.0,-28256000000.0,,,30975000000.0
XOM,2012-06-30,False,Q2,2012,10-Q,127363000000.0,,15910000000.0,3.41,3.41,0.57,329645000000.0,72797000000.0,70136000000.0,17802000000.0,167985000000.0,29504000000.0,-9107000000.0,-15283000000.0,,,16188000000.0
XOM,2012-03-31,False,Q1,2012,10-Q,124053000000.0,,9450000000.0,2.0,2.0,0.47,345152000000.0,76160000000.0,79994000000.0,18670000000.0,164117000000.0,19287000000.0,-5351000000.0,-8130000000.0,,,7843000000.0
XOM,2012-12-31,False,FY,2012,10-K,453123000000.0,,44880000000.0,9.7,9.7,2.18,333795000000.0,64460000000.0,64139000000.0,9582000000.0,171660000000.0,56170000000.0,-25601000000.0,-33868000000.0,,,34271000000.0
XOM,2010-03-31,False,Q1,2010,10-Q,90251000000.0,,6300000000.0,1.33,1.33,0.42,242748000000.0,61696000000.0,57744000000.0,13742000000.0,117666000000.0,13046000000.0,-5167000000.0,-4620000000.0,,,5756000000.0
XOM,2010-12-31,False,FY,2010,10-K,383221000000.0,,30460000000.0,6.24,6.22,1.74,302510000000.0,58984000000.0,62633000000.0,7825000000.0,152679000000.0,48413000000.0,-24204000000.0,-26924000000.0,,,26871000000.0
XOM,2009-06-30,False,Q2,2009,10-Q,74457000000.0,,3950000000.0,0.82,0.81,0.42,224661000000.0,59496000000.0,51614000000.0,15576000000.0,111153000000.0,11107000000.0,-9713000000.0,-17360000000.0,,,10238000000.0
XOM,2009-09-30,False,Q3,2009,10-Q,82260000000.0,,4730000000.0,0.98,0.98,0.42,229307000000.0,57324000000.0,52933000000.0,12472000000.0,112105000000.0,19934000000.0,-15997000000.0,-23388000000.0,,,15728000000.0
XOM,2013-09-30,False,Q3,2013,10-Q,112372000000.0,,7870000000.0,1.79,1.79,0.63,347564000000.0,61303000000.0,72749000000.0,5310000000.0,175478000000.0,34706000000.0,-27489000000.0,-11298000000.0,,,25243000000.0
XOM,2014-03-31,False,Q1,2014,10-Q,106773000000.0,,9100000000.0,2.1,2.1,0.63,353033000000.0,61864000000.0,70108000000.0,5601000000.0,182891000000.0,15103000000.0,-6306000000.0,-7816000000.0,,,7328000000.0
XOM,2013-12-31,False,FY,2013,10-K,420836000000.0,,32580000000.0,7.37,7.37,2.46,346808000000.0,59308000000.0,71724000000.0,4644000000.0,180495000000.0,44914000000.0,-34201000000.0,-15476000000.0,,,33669000000.0
XOM,2009-12-31,False,FY,2009,10-K,310586000000.0,,19280000000.0,3.99,3.98,0.0,233323000000.0,55235000000.0,52061000000.0,10693000000.0,115392000000.0,28438000000.0,-22419000000.0,-27283000000.0,,,22491000000.0
XOM,2014-06-30,False,Q2,2014,10-Q,111647000000.0,,8780000000.0,2.05,2.05,0.69,358586000000.0,64013000000.0,69529000000.0,6083000000.0,188131000000.0,25305000000.0,-10483000000.0,-13412000000.0,,,15870000000.0
XOM,2015-03-31,False,Q1,2015,10-Q,67618000000.0,,4940000000.0,1.17,1.17,0.69,342961000000.0,50658000000.0,55933000000.0,5184000000.0,177446000000.0,7998000000.0,-6352000000.0,-854000000.0,,,6844000000.0
XOM,2015-06-30,False,Q2,2015,10-Q,74113000000.0,,4190000000.0,1.0,1.0,0.73,348260000000.0,51647000000.0,58372000000.0,4343000000.0,178998000000.0,16790000000.0,-12843000000.0,-4048000000.0,,,13953000000.0
XOM,2014-09-30,False,Q3,2014,10-Q,107490000000.0,,8070000000.0,1.89,1.89,0.69,352764000000.0,58595000000.0,65984000000.0,4962000000.0,187495000000.0,37701000000.0,-18128000000.0,-19085000000.0,,,24068000000.0
XOM,2014-12-31,False,FY,2014,10-K,394105000000.0,,32520000000.0,7.6,7.6,2.7,349493000000.0,52910000000.0,64633000000.0,4616000000.0,181064000000.0,45116000000.0,-26975000000.0,-17888000000.0,,,32952000000.0
XOM,2016-03-31,False,Q1,2016,10-Q,48707000000.0,,1810000000.0,0.43,0.43,0.73,342789000000.0,44251000000.0,48726000000.0,4846000000.0,178498000000.0,4812000000.0,-4349000000.0,524000000.0,,,4601000000.0
XOM,2015-09-30,False,Q3,2015,10-Q,67344000000.0,,4240000000.0,1.01,1.01,0.73,340662000000.0,47234000000.0,54828000000.0,4296000000.0,176839000000.0,25964000000.0,-18500000000.0,-7450000000.0,,,20354000000.0
XOM,2016-09-30,False,Q3,2016,10-Q,58677000000.0,,2650000000.0,0.63,0.63,0.75,339386000000.0,42945000000.0,50021000000.0,5093000000.0,177010000000.0,14686000000.0,-10731000000.0,-2547000000.0,,,12276000000.0
XOM,2017-06-30,False,Q2,2017,10-Q,62876000000.0,,3350000000.0,0.78,0.78,0.77,343012000000.0,42180000000.0,50949000000.0,4042000000.0,185838000000.0,15120000000.0,-6639000000.0,-8305000000.0,,,5988000000.0
XOM,2015-12-31,False,FY,2015,10-K,259488000000.0,,16150000000.0,3.85,3.85,2.88,336758000000.0,42623000000.0,53976000000.0,3705000000.0,176810000000.0,30344000000.0,-23824000000.0,-7037000000.0,,,26490000000.0
XOM,2016-06-30,False,Q2,2016,10-Q,57694000000.0,,1700000000.0,0.41,0.41,0.75,342473000000.0,45828000000.0,51504000000.0,4358000000.0,176875000000.0,9331000000.0,-7496000000.0,-1251000000.0,,,8872000000.0
XOM,2017-03-31,False,Q1,2017,10-Q,63287000000.0,,4010000000.0,0.95,0.95,0.75,344209000000.0,43131000000.0,53374000000.0,4897000000.0,183771000000.0,8173000000.0,-3761000000.0,-3246000000.0,,,2890000000.0
XOM,2016-12-31,False,FY,2016,10-K,218608000000.0,,7840000000.0,1.88,1.88,2.98,330314000000.0,41416000000.0,47638000000.0,3657000000.0,173830000000.0,22082000000.0,-12403000000.0,-9293000000.0,,,16163000000.0
XOM,2017-09-30,False,Q3,2017,10-Q,66165000000.0,,3970000000.0,0.93,0.93,0.77,349427000000.0,45752000000.0,53777000000.0,4266000000.0,189198000000.0,22655000000.0,-9194000000.0,-13293000000.0,,,10901000000.0
XOM,2018-09-30,False,Q3,2018,10-Q,74187000000.0,,6240000000.0,1.46,1.46,0.82,354628000000.0,53975000000.0,65288000000.0,5669000000.0,196831000000.0,27407000000.0,-10862000000.0,-13945000000.0,,,13480000000.0
XOM,2018-06-30,False,Q2,2018,10-Q,71456000000.0,,3950000000.0,0.92,0.92,0.82,348790000000.0,50555000000.0,62447000000.0,3430000000.0,193533000000.0,16299000000.0,-6955000000.0,-8986000000.0,,,8276000000.0
XOM,2017-12-31,False,FY,2017,10-K,237162000000.0,,19710000000.0,4.63,4.63,3.06,348691000000.0,47134000000.0,57771000000.0,3177000000.0,194500000000.0,30066000000.0,-15730000000.0,-15130000000.0,,,15402000000.0
XOM,2018-03-31,False,Q1,2018,10-Q,65436000000.0,,4650000000.0,1.09,1.09,0.77,348826000000.0,48315000000.0,60306000000.0,4125000000.0,194911000000.0,8519000000.0,-1859000000.0,-5742000000.0,,,3349000000.0
