symbol,end_date,amend,period_focus,fiscal_year,doc_type,revenues,op_income,net_income,eps_basic,eps_diluted,dividend,assets,cur_assets,cur_liab,cash,equity,cash_flow_op,cash_flow_inv,cash_flow_fin,debt,goodwill,cap_ex
ZGNX,2013-06-30,False,Q2,2013,10-Q,8942000.0,-12479000.0,-13332000.0,-0.13,-0.13,0.0,53398000.0,35488000.0,33395000.0,16121000.0,-16087000.0,-24570000.0,-798000.0,261000.0,25000000.0,,798000.0
ZGNX,2012-09-30,False,Q3,2012,10-Q,8453000.0,-10638000.0,-19282000.0,-0.21,-0.21,0.0,91307000.0,71361000.0,45794000.0,49552000.0,13289000.0,-43708000.0,-255000.0,36990000.0,25000000.0,,255000.0
ZGNX,2014-03-31,False,Q1,2014,10-Q,7674000.0,-27260000.0,-20932000.0,-0.15,-0.2,0.0,99980000.0,80985000.0,70782000.0,50684000.0,2419000.0,-22824000.0,-15000.0,1502000.0,25000000.0,,15000.0
ZGNX,2013-09-30,False,Q3,2013,10-Q,7168000.0,-11022000.0,-10852000.0,-0.1,-0.1,0.0,54633000.0,37374000.0,34291000.0,17352000.0,-13889000.0,-34189000.0,-785000.0,11098000.0,25000000.0,,785000.0
ZGNX,2013-03-31,False,Q1,2013,10-Q,6981000.0,-15177000.0,-21055000.0,-0.21,-0.21,0.0,65570000.0,46737000.0,36183000.0,25324000.0,-4996000.0,-15074000.0,-830000.0,0.0,25000000.0,,830000.0
ZGNX,2015-03-31,False,Q1,2015,10-Q,4614000.0,-9799000.0,-22861000.0,-0.15,-0.15,0.0,180244000.0,55183000.0,44972000.0,21314000.0,34293000.0,-21947000.0,-54000.0,1110000.0,,6234000.0,54000.0
ZGNX,2014-09-30,False,Q3,2014,10-Q,8797000.0,-20665000.0,-12825000.0,-0.09,-0.09,0.0,107026000.0,90590000.0,39343000.0,50527000.0,57535000.0,-71244000.0,81039000.0,-31289000.0,,,85000.0
ZGNX,2013-12-31,False,FY,2013,10-K,33012000.0,-53192000.0,-80856000.0,-0.74,-0.74,0.0,112504000.0,92879000.0,58780000.0,72021000.0,18426000.0,-44920000.0,-810000.0,76523000.0,,,810000.0
ZGNX,2012-12-31,False,FY,2012,10-K,44326000.0,-47431000.0,-47386000.0,-0.59,-0.59,0.0,80686000.0,61725000.0,32654000.0,41228000.0,14473000.0,-52202000.0,-293000.0,37198000.0,30000000.0,,293000.0
ZGNX,2011-09-30,False,Q3,2011,10-Q,10398000.0,-20262000.0,-22038000.0,-0.59,-0.59,0.0,116883000.0,96420000.0,35766000.0,70847000.0,30166000.0,-64235000.0,-426000.0,86336000.0,,,426000.0
ZGNX,2012-03-31,False,Q1,2012,10-Q,18347000.0,-7685000.0,-10292000.0,-0.16,-0.16,0.0,82280000.0,61675000.0,36600000.0,39844000.0,278000.0,-14722000.0,-111000.0,-1848000.0,,,111000.0
ZGNX,2012-06-30,False,Q2,2012,10-Q,8030000.0,-14901000.0,-17169000.0,-0.26,-0.26,0.0,64896000.0,44333000.0,36821000.0,21974000.0,-15008000.0,-29466000.0,-291000.0,-4794000.0,25000000.0,,291000.0
ZGNX,2011-12-31,False,FY,2011,10-K,37576000.0,-76424000.0,-83903000.0,-1.96,-1.96,0.0,100640000.0,79899000.0,43367000.0,56525000.0,9312000.0,-80471000.0,-617000.0,88441000.0,,,617000.0
ZGNX,2011-06-30,False,Q2,2011,10-Q,10237000.0,-17992000.0,-19177000.0,-0.56,-0.56,0.0,51393000.0,31801000.0,31862000.0,7672000.0,-7142000.0,-40507000.0,-366000.0,-627000.0,,,366000.0
ZGNX,2014-06-30,False,Q2,2014,10-Q,9161000.0,54948000.0,62865000.0,0.45,0.45,0.0,133298000.0,116501000.0,54791000.0,81235000.0,68318000.0,-40704000.0,81207000.0,-31289000.0,,,-83000.0
ZGNX,2014-12-31,False,FY,2014,10-K,40531000.0,-20039000.0,8587000.0,0.06,0.06,0.0,202835000.0,77978000.0,44237000.0,42205000.0,55279000.0,-80816000.0,61002000.0,-10002000.0,,6234000.0,122000.0
ZGNX,2015-06-30,False,Q2,2015,10-Q,7367000.0,-11730000.0,72464000.0,3.78,3.78,0.0,246697000.0,125330000.0,38997000.0,77372000.0,108080000.0,-42874000.0,79358000.0,-1317000.0,,6234000.0,68000.0
ZGNX,2015-09-30,False,Q3,2015,10-Q,9120000.0,-12081000.0,-14616000.0,-0.65,-0.65,0.0,321563000.0,200624000.0,35026000.0,162683000.0,189814000.0,-50852000.0,79211000.0,92119000.0,,6234000.0,214000.0
ZGNX,2015-12-31,False,FY,2015,10-K,27182000.0,-47726000.0,26144000.0,1.22,1.22,0.0,305987000.0,184596000.0,30079000.0,155349000.0,182760000.0,-64602000.0,85545000.0,92201000.0,20000000.0,6234000.0,308000.0
ZGNX,2016-09-30,False,Q3,2016,10-Q,6570000.0,-16713000.0,-16997000.0,-0.69,-0.01,0.0,255837000.0,135275000.0,14125000.0,109866000.0,141917000.0,-54383000.0,9899000.0,-999000.0,,6234000.0,103000.0
ZGNX,2016-06-30,False,Q2,2016,10-Q,2088000.0,-18576000.0,-18828000.0,-0.76,-0.01,0.0,271414000.0,149519000.0,14134000.0,127797000.0,156945000.0,-36429000.0,9903000.0,-1026000.0,,6234000.0,99000.0
ZGNX,2016-03-31,False,Q1,2016,10-Q,9206000.0,-14080000.0,-10389000.0,-0.42,0.03,0.0,286607000.0,163053000.0,20722000.0,132184000.0,173859000.0,-21416000.0,-83000.0,-1666000.0,,6234000.0,83000.0
ZGNX,2017-03-31,False,Q1,2017,10-Q,2696000.0,-21099000.0,-21307000.0,-0.85,-0.85,0.0,209338000.0,98818000.0,18344000.0,80108000.0,101122000.0,-11417000.0,-26000.0,0.0,18958000.0,6234000.0,26000.0
ZGNX,2018-06-30,False,Q2,2018,10-Q,0.0,-32818000.0,-29037000.0,-0.82,-0.82,0.0,395178000.0,285125000.0,41405000.0,272103000.0,279866000.0,-55567000.0,-84000.0,34251000.0,,6234000.0,84000.0
ZGNX,2018-03-31,False,Q1,2018,10-Q,0.0,-31050000.0,-30180000.0,-0.87,-0.87,0.0,391857000.0,281327000.0,23076000.0,271953000.0,273772000.0,-24783000.0,-65000.0,3298000.0,,6234000.0,65000.0
ZGNX,2016-12-31,False,FY,2015,10-K,28850000.0,-72685000.0,-69707000.0,-2.81,-2.81,0.0,231505000.0,119914000.0,20310000.0,91551000.0,120756000.0,-72880000.0,9899000.0,-817000.0,18824000.0,6234000.0,103000.0
ZGNX,2017-12-31,False,FY,2017,10-K,9821000.0,-119936000.0,-126817000.0,-4.65,-4.65,0.0,417613000.0,304703000.0,20983000.0,293503000.0,301521000.0,-75874000.0,-76000.0,277902000.0,,6234000.0,76000.0
ZGNX,2017-09-30,False,Q3,2017,10-Q,0.0,-38425000.0,-42794000.0,-1.68,-1.68,0.0,183245000.0,70730000.0,26089000.0,64730000.0,59618000.0,-46435000.0,-35000.0,19649000.0,19223000.0,6234000.0,35000.0
ZGNX,2017-06-30,False,Q2,2017,10-Q,7125000.0,-22076000.0,-23008000.0,-0.9,-0.9,0.0,190002000.0,78814000.0,21983000.0,65761000.0,79482000.0,-25992000.0,-35000.0,237000.0,19090000.0,6234000.0,35000.0
