symbol,end_date,amend,period_focus,fiscal_year,doc_type,revenues,op_income,net_income,eps_basic,eps_diluted,dividend,assets,cur_assets,cur_liab,cash,equity,cash_flow_op,cash_flow_inv,cash_flow_fin,debt,goodwill,cap_ex
ZN,2018-12-31,False,FY,2018,10-K,,-39480000.0,-38511000.0,-0.63,-0.63,0.0,12521000.0,5371000.0,4834000.0,2791000.0,5129000.0,-5833000.0,-15950000.0,16829000.0,3470000.0,,19000.0
ZN,2012-12-31,False,FY,2012,10-K,,-10353000.0,-10294000.0,-0.33,-0.33,0.0,21304000.0,16268000.0,2859000.0,14983000.0,18246000.0,-8782000.0,-2440000.0,3974000.0,,,476000.0
ZN,2013-03-31,False,Q1,2013,10-Q,,-3249000.0,-3241000.0,-0.1,-0.1,0.0,17761000.0,14343000.0,2349000.0,13739000.0,15245000.0,-480000.0,-764000.0,126657000.0,,,484000.0
ZN,2013-06-30,False,Q2,2013,10-Q,,-1615000.0,-1610000.0,-0.05,-0.05,0.0,17192000.0,13607000.0,2584000.0,12579000.0,14440000.0,-2015000.0,-943000.0,127211000.0,,,499000.0
ZN,2013-09-30,False,Q3,2013,10-Q,,-1266000.0,-1241000.0,-0.04,-0.04,0.0,17167000.0,13423000.0,2299000.0,12632000.0,14713000.0,-3135000.0,-1140000.0,128581000.0,,,504000.0
ZN,2012-09-30,False,Q3,2012,10-Q,,-1594000.0,-1587000.0,-0.05,-0.05,0.0,24235000.0,17977000.0,2861000.0,17019000.0,20890000.0,-6596000.0,-1838000.0,125905000.0,,,467000.0
ZN,2012-06-30,False,Q2,2012,10-Q,,-2177000.0,-2200000.0,-0.07,-0.07,0.0,22701000.0,18036000.0,2741000.0,17132000.0,19569000.0,-5124000.0,-660000.0,123368000.0,,,462000.0
ZN,2012-03-31,False,Q1,2012,10-Q,,-2750000.0,-2702000.0,-0.09,-0.09,0.0,24546000.0,20256000.0,3461000.0,19553000.0,20621000.0,-2529000.0,-166000.0,17000.0,,,447000.0
ZN,2013-12-31,False,FY,2013,10-K,,-9123000.0,-9077000.0,-0.27,-0.27,0.0,14939000.0,12140000.0,2095000.0,10414000.0,12667000.0,-4648000.0,-2400000.0,2479000.0,,,533000.0
ZN,2011-12-31,False,FY,2011,10-K,,-52013000.0,-52182000.0,-1.86,-1.86,0.0,26767000.0,22847000.0,3847000.0,22231000.0,22492000.0,-5441000.0,-19727000.0,26156000.0,,,419000.0
ZN,2014-03-31,False,Q1,2014,10-Q,,-2257000.0,-2264000.0,-0.07,-0.07,0.0,13544000.0,10595000.0,2147000.0,7804000.0,11208000.0,-2053000.0,-1259000.0,702000.0,,,553000.0
ZN,2014-06-30,False,Q2,2014,10-Q,,-1646000.0,-1643000.0,-0.05,-0.05,0.0,12856000.0,9700000.0,1719000.0,7323000.0,10932000.0,-3733000.0,-1276000.0,1918000.0,,,29000.0
ZN,2015-03-31,False,Q1,2015,10-Q,,-2386000.0,-2409000.0,-0.07,-0.07,0.0,10775000.0,6378000.0,1850000.0,4814000.0,8724000.0,-1271000.0,313000.0,428000.0,,,1000.0
ZN,2014-12-31,False,FY,2014,10-K,,-6683000.0,-6756000.0,-0.19,-0.19,0.0,11880000.0,7634000.0,1165000.0,5344000.0,10520000.0,-6443000.0,-2015000.0,3388000.0,,,35000.0
ZN,2014-12-31,False,FY,2014,10-K,,-6683000.0,-6756000.0,-0.19,-0.19,0.0,11880000.0,7634000.0,1165000.0,5344000.0,10520000.0,-6443000.0,-2015000.0,3388000.0,,,35000.0
ZN,2014-09-30,False,Q3,2014,10-Q,,,,,,0.0,12127000.0,8247000.0,1655000.0,6426000.0,10264000.0,-4962000.0,-1502000.0,2476000.0,,,29000.0
ZN,2015-06-30,False,Q2,2015,10-Q,,-2084000.0,-2078000.0,-0.06,-0.06,0.0,10687000.0,6119000.0,2323000.0,4601000.0,8140000.0,-2536000.0,134000.0,1659000.0,,,4000.0
ZN,2015-09-30,False,Q3,2015,10-Q,,-1984000.0,-2003000.0,-0.05,-0.05,0.0,10884000.0,6076000.0,2333000.0,4214000.0,8320000.0,-4132000.0,-62000.0,3064000.0,,,7000.0
ZN,2011-06-30,False,Q2,2011,10-Q,0.0,-1948000.0,-1910000.0,-0.07,-0.07,0.0,53472000.0,10995000.0,7774000.0,7090000.0,45267000.0,-4784000.0,-11082000.0,98240000.0,,,357000.0
ZN,2011-09-30,False,Q3,2011,10-Q,,-44544000.0,-44646000.0,-1.52,-1.52,0.0,29682000.0,25998000.0,4172000.0,24909000.0,25088000.0,-4175000.0,-18293000.0,122661000.0,,,383000.0
ZN,2015-12-31,False,FY,2015,10-K,,-7262000.0,-7306000.0,-0.2,-0.2,0.0,10432000.0,5040000.0,1453000.0,2871000.0,8730000.0,-5581000.0,-615000.0,3723000.0,,,19000.0
ZN,2016-06-30,False,Q2,2016,10-Q,,-3874000.0,-3470000.0,-0.08,-0.08,0.0,12430000.0,6182000.0,1799000.0,4468000.0,8613000.0,-3285000.0,-616000.0,5498000.0,1844000.0,,16000.0
ZN,2016-03-31,False,Q1,2016,10-Q,,-1563000.0,-1552000.0,-0.04,-0.04,0.0,12655000.0,6810000.0,800000.0,3900000.0,8110000.0,-2170000.0,-214000.0,3413000.0,,,12000.0
ZN,2016-12-31,False,FY,2016,10-K,,-8891000.0,-8513000.0,-0.21,-0.21,0.0,11650000.0,4978000.0,1953000.0,3192000.0,7665000.0,-6341000.0,-1160000.0,7822000.0,1844000.0,,26000.0
ZN,2017-09-30,False,Q3,2017,10-Q,,-1407000.0,-1462000.0,-0.03,-0.03,0.0,27023000.0,9692000.0,7918000.0,5367000.0,16861000.0,-6507000.0,-7201000.0,15883000.0,1844000.0,,46000.0
ZN,2017-06-30,False,Q2,2017,10-Q,,-2007000.0,-4971000.0,-0.1,-0.1,0.0,19443000.0,7583000.0,6387000.0,3828000.0,10849000.0,-4206000.0,-3693000.0,8535000.0,1844000.0,,42000.0
ZN,2017-12-31,False,FY,2017,10-K,,-8787000.0,-9989000.0,-0.2,-0.2,0.0,33548000.0,10433000.0,6787000.0,6892000.0,24440000.0,-8095000.0,-11728000.0,23523000.0,1844000.0,,65000.0
ZN,2017-03-31,False,Q1,2017,10-Q,,-3523000.0,-3375000.0,-0.07,-0.07,0.0,16282000.0,7380000.0,2376000.0,3862000.0,11746000.0,-2256000.0,-1639000.0,4565000.0,1844000.0,,16000.0
ZN,2016-09-30,False,Q3,2016,10-Q,,-1706000.0,-1724000.0,-0.04,-0.04,0.0,11842000.0,5418000.0,2011000.0,3742000.0,7751000.0,-4526000.0,-802000.0,6199000.0,1844000.0,,21000.0
ZN,2018-03-31,False,Q1,2018,10-Q,,-2512000.0,-6251000.0,-0.11,-0.11,0.0,34473000.0,7114000.0,8716000.0,4770000.0,23417000.0,-985000.0,-4891000.0,3754000.0,1844000.0,,8000.0
ZN,2018-09-30,False,Q3,2018,10-Q,,-2593000.0,781000.0,0.02,0.02,0.0,42719000.0,7269000.0,4537000.0,5318000.0,35670000.0,-4174000.0,-13908000.0,15659000.0,3470000.0,,15000.0
ZN,2018-06-30,False,Q2,2018,10-Q,,-2016000.0,-1241000.0,-0.02,-0.02,0.0,39541000.0,7842000.0,9024000.0,5937000.0,28080000.0,-2325000.0,-8413000.0,9047000.0,1844000.0,,10000.0
