symbol,end_date,amend,period_focus,fiscal_year,doc_type,revenues,op_income,net_income,eps_basic,eps_diluted,dividend,assets,cur_assets,cur_liab,cash,equity,cash_flow_op,cash_flow_inv,cash_flow_fin,debt,goodwill,cap_ex
ZUMZ,2018-11-03,False,Q3,2018,10-Q,248795000.0,18394000.0,13823000.0,0.55,0.55,0.0,556719000.0,348188000.0,147001000.0,29640000.0,368772000.0,17124000.0,-16577000.0,5829000.0,5700000.0,58619000.0,15683000.0
ZUMZ,2012-10-27,False,Q3,2012,10-Q,180023000.0,21401000.0,12667000.0,0.41,0.4,0.0,438136000.0,234422000.0,88407000.0,10580000.0,300359000.0,28186000.0,-34750000.0,2566000.0,2225000.0,61926000.0,34028000.0
ZUMZ,2012-04-28,False,Q1,2012,10-Q,129899000.0,7262000.0,4527000.0,0.15,0.14,0.0,378926000.0,263797000.0,62402000.0,7962000.0,280419000.0,5799000.0,-14577000.0,1953000.0,,13154000.0,8519000.0
ZUMZ,2012-01-28,False,FY,2011,10-K,555874000.0,60232000.0,37351000.0,1.22,1.2,0.0,362157000.0,253503000.0,55576000.0,14779000.0,272277000.0,68065000.0,-68074000.0,3415000.0,,13154000.0,25508000.0
ZUMZ,2011-10-29,False,Q3,2011,10-Q,153951000.0,22817000.0,14137000.0,0.46,0.45,0.0,357805000.0,250448000.0,71644000.0,13881000.0,251713000.0,25178000.0,-25622000.0,2946000.0,,13154000.0,18376000.0
ZUMZ,2013-05-04,False,Q1,2013,10-Q,148496000.0,4029000.0,2498000.0,0.08,0.08,0.0,416984000.0,212543000.0,65485000.0,14661000.0,301241000.0,4402000.0,-4196000.0,-2846000.0,,62539000.0,6374000.0
ZUMZ,2012-07-28,False,Q2,2012,10-Q,135066000.0,3778000.0,2086000.0,0.07,0.07,0.0,418145000.0,222451000.0,89669000.0,12610000.0,282437000.0,14513000.0,-18689000.0,2303000.0,2187000.0,59547000.0,21904000.0
ZUMZ,2011-07-30,False,Q2,2011,10-Q,112213000.0,3550000.0,2591000.0,0.08,0.08,0.0,343367000.0,238876000.0,73480000.0,14157000.0,236487000.0,15187000.0,-15098000.0,2654000.0,,13154000.0,13884000.0
ZUMZ,2014-05-03,False,Q1,2014,10-Q,162932000.0,3713000.0,2496000.0,0.09,0.09,0.0,454455000.0,232884000.0,80428000.0,21079000.0,324139000.0,16570000.0,3605000.0,-18820000.0,,65432000.0,6781000.0
ZUMZ,2013-02-02,False,FY,2012,10-K,669393000.0,68542000.0,42164000.0,1.37,1.35,0.0,409098000.0,203314000.0,57199000.0,17579000.0,303421000.0,66225000.0,-41079000.0,-22519000.0,2270000.0,64576000.0,41070000.0
ZUMZ,2014-08-02,False,Q2,2014,10-Q,176709000.0,11605000.0,7456000.0,0.26,0.26,0.0,496056000.0,269238000.0,113020000.0,22037000.0,332606000.0,30515000.0,-13086000.0,-15082000.0,,63701000.0,18301000.0
ZUMZ,2013-11-02,False,Q3,2013,10-Q,191145000.0,20678000.0,11860000.0,0.4,0.39,0.0,465777000.0,250028000.0,87883000.0,5315000.0,325194000.0,21663000.0,-31680000.0,-2081000.0,,64191000.0,27179000.0
ZUMZ,2013-08-03,False,Q2,2013,10-Q,157858000.0,7835000.0,4739000.0,0.16,0.16,0.0,450963000.0,240168000.0,89560000.0,19098000.0,309415000.0,9876000.0,-5736000.0,-2419000.0,,63071000.0,14505000.0
ZUMZ,2014-02-01,False,FY,2013,10-K,724337000.0,72842000.0,45948000.0,1.54,1.52,0.0,443403000.0,229846000.0,61374000.0,19634000.0,335654000.0,66894000.0,-49619000.0,-15233000.0,1933000.0,64195000.0,35969000.0
ZUMZ,2015-01-31,False,FY,2014,10-K,811551000.0,71571000.0,43192000.0,1.5,1.47,0.0,493705000.0,279763000.0,81447000.0,20862000.0,359524000.0,89937000.0,-73873000.0,-13933000.0,0.0,55852000.0,35758000.0
ZUMZ,2014-11-01,False,Q3,2014,10-Q,213341000.0,24975000.0,15727000.0,0.54,0.54,0.0,499572000.0,276015000.0,107820000.0,13785000.0,344200000.0,34435000.0,-27718000.0,-12406000.0,,60551000.0,28972000.0
ZUMZ,2015-08-01,False,Q2,2015,10-Q,179819000.0,5312000.0,3213000.0,0.11,0.11,0.0,457355000.0,239985000.0,98671000.0,22166000.0,305118000.0,977000.0,53834000.0,-53271000.0,,54547000.0,20021000.0
ZUMZ,2015-05-02,False,Q1,2015,10-Q,177610000.0,4126000.0,2770000.0,0.1,0.09,0.0,505547000.0,287995000.0,86149000.0,11806000.0,364426000.0,1688000.0,-14781000.0,4095000.0,,55478000.0,8818000.0
ZUMZ,2015-01-31,True,FY,2014,10-K,811551000.0,71571000.0,43192000.0,1.5,1.47,0.0,493705000.0,279763000.0,81447000.0,20862000.0,359524000.0,89937000.0,-73873000.0,-13933000.0,0.0,55852000.0,35758000.0
ZUMZ,2016-07-30,False,Q2,2016,10-Q,178272000.0,-1136000.0,-838000.0,-0.03,-0.03,0.0,432561000.0,212729000.0,103778000.0,19600000.0,280247000.0,6443000.0,-11590000.0,-18687000.0,0.0,55082000.0,11895000.0
ZUMZ,2015-10-31,False,Q3,2015,10-Q,204320000.0,15224000.0,9653000.0,0.36,0.36,0.0,441070000.0,220680000.0,89166000.0,4784000.0,299530000.0,476000.0,58690000.0,-75194000.0,,54649000.0,27115000.0
ZUMZ,2017-04-29,False,Q1,2017,10-Q,181155000.0,-6234000.0,-4448000.0,-0.18,-0.18,0.0,447436000.0,226055000.0,95797000.0,22320000.0,305569000.0,4667000.0,-2753000.0,198000.0,0.0,56761000.0,7117000.0
ZUMZ,2016-04-30,False,Q1,2016,10-Q,172970000.0,-3941000.0,-2137000.0,-0.08,-0.08,0.0,422148000.0,200613000.0,84116000.0,16890000.0,289300000.0,3130000.0,-17578000.0,-12268000.0,0.0,56157000.0,4485000.0
ZUMZ,2016-01-30,False,FY,2015,10-K,804183000.0,46165000.0,28785000.0,1.05,1.04,0.0,414695000.0,198897000.0,69142000.0,43163000.0,296957000.0,48607000.0,64730000.0,-90758000.0,0.0,54245000.0,34834000.0
ZUMZ,2016-10-29,False,Q3,2016,10-Q,221391000.0,16913000.0,10695000.0,0.44,0.43,0.0,453028000.0,228257000.0,116043000.0,18001000.0,289431000.0,3984000.0,-20470000.0,-8815000.0,11800000.0,56920000.0,16829000.0
ZUMZ,2017-01-28,False,FY,2016,10-K,836268000.0,39743000.0,25904000.0,1.05,1.04,0.0,426683000.0,211363000.0,73597000.0,20247000.0,307051000.0,48455000.0,-51515000.0,-20074000.0,0.0,56001000.0,20400000.0
ZUMZ,2017-10-28,False,Q3,2017,10-Q,245756000.0,18808000.0,11922000.0,0.48,0.48,0.0,496269000.0,272888000.0,124836000.0,10660000.0,326583000.0,13869000.0,-35905000.0,12097000.0,11400000.0,59544000.0,19072000.0
ZUMZ,2017-07-29,False,Q2,2017,10-Q,192245000.0,-762000.0,-608000.0,-0.02,-0.02,0.0,468867000.0,244218000.0,108454000.0,17291000.0,314505000.0,3768000.0,-7432000.0,198000.0,0.0,60057000.0,12461000.0
ZUMZ,2018-02-03,False,FY,2017,10-K,927401000.0,48760000.0,26802000.0,1.09,1.08,0.0,499510000.0,279163000.0,99247000.0,24041000.0,355915000.0,65514000.0,-63970000.0,1273000.0,900000.0,62912000.0,24062000.0
ZUMZ,2018-08-04,False,Q2,2018,10-Q,218971000.0,6698000.0,4377000.0,0.18,0.17,0.0,530467000.0,319288000.0,132382000.0,41409000.0,355039000.0,15548000.0,-2907000.0,5420000.0,5600000.0,59336000.0,9061000.0
ZUMZ,2018-05-05,False,Q1,2018,10-Q,206287000.0,-1709000.0,-2607000.0,-0.1,-0.1,0.0,491704000.0,278589000.0,95234000.0,29063000.0,352485000.0,-3878000.0,5073000.0,4324000.0,4700000.0,60832000.0,3585000.0
